=LDR  00410 c  a2200121   4500
=001  9891
=020  \\$a9063750358
=100  \\$aObrecht, Jacob$d1457-1505$4cmp$1http://www.wikidata.org/entity/Q311629$919471
=245  \\$aThe New Obrecht Edition Vol. 4
=260  \\$c1986
=942  \\$cSCO
=952  \\$00$10$40$70$8SCO$99879$aORPH$bORPH$cKTS1_P$d2021-01-12$l0$p20124077$r2021-01-12 00:00:00$w2021-01-12$ySCO$OW.1208-4
=999  \\$c9891$d9891

