=LDR  00424 c  a2200121   4500
=001  9928
=020  \\$a0824038002
=100  \\$aOrdóñez, Karl von$d1734-1786$4cmp$99931
=245  \\$aThe symphony, seven symphonies
=260  \\$c1979
=942  \\$cSCO
=952  \\$00$10$2ddc$40$6SCO_MISC_BROW$70$8SCO$99916$aORPH$bORPH$cKTS1_H$d2021-01-12$iW1005-B:IV$l0$oSCO MISC BROW$p20124026$r2021-01-12 00:00:00$w2021-01-12$ySCO$OW.1005-B:IV
=999  \\$c9928$d9928

