=LDR  00394 c  a2200097   4500
=001  9930
=100  \\$aOrel, Alfred$d1889-1967 $4cmp$1http://www.wikidata.org/entity/Q4336135$913077
=245  \\$aDer junge Schubert
=942  \\$cSCO
=952  \\$00$10$2ddc$40$6BIO_SCHU1_E$70$8BIO$99918$aORPH$bORPH$cKTS1_P$d2020-07-08$eKoopman$iW. 1516$oBIO SCHU1 e$p20124040$r2021-01-12 00:00:00$w2021-01-12$yBOO$OW.1516
=999  \\$c9930$d9930

