=LDR  00372 c  a2200109   4500
=001  9977
=100  \\$aPachelbel, Johann$d1653-1706$4cmp$1http://www.wikidata.org/entity/Q76485$913127
=245  \\$aMagnificat-Fugen
=260  \\$c1985
=942  \\$cSCO
=952  \\$00$10$40$70$8SCO$99965$aORPH$bORPH$cKTS1_P$d2021-01-12$l0$p20121726$r2021-01-12 00:00:00$w2021-01-12$ySCO$OW.0005 ob
=999  \\$c9977$d9977

