=LDR  00335 c  a2200121   4500
=001  10058
=100  \\$aPekiel, B.$4cmp$913211
=245  \\$aAudite mortales
=260  \\$c1968
=500  \\$aNog geen RFID
=942  \\$cSCO
=952  \\$00$10$40$70$8SCO$910046$aORPH$bORPH$cKTS1_P$d2021-01-12$l0$r2021-01-12 00:00:00$w2021-01-12$ySCO$OW.0008
=999  \\$c10058$d10058

