=LDR  00310 c  a2200109   4500
=001  10059
=100  \\$aPekiel, B.$4cmp$913211
=245  \\$aMissa a 14
=260  \\$c1971
=942  \\$cSCO
=952  \\$00$10$40$70$8SCO$910047$aORPH$bORPH$cKTS1_P$d2021-01-12$l0$p20121848$r2021-01-12 00:00:00$w2021-01-12$ySCO$OW.0216
=999  \\$c10059$d10059

