=LDR  00331 c  a2200109   4500
=001  10060
=100  \\$aPekiel, B.$4cmp$913211
=245  \\$aMissa Concertata La Lombardesca
=260  \\$c1976
=942  \\$cSCO
=952  \\$00$10$40$70$8SCO$910048$aORPH$bORPH$cKTS1_P$d2021-01-12$l0$p20121847$r2021-01-12 00:00:00$w2021-01-12$ySCO$OW.0217
=999  \\$c10060$d10060

