=LDR  00392 c  a2200109   4500
=001  10215
=100  \\$aPraetorius, Michael$d1571-1621$4cmp$1http://www.wikidata.org/entity/Q108278$97239
=245  \\$aMusæ Sioniæ Teil III (1607)
=260  \\$c1930
=942  \\$cSCO
=952  \\$00$10$40$70$8SCO$910203$aORPH$bORPH$cKTS1_P$d2021-01-12$l0$p20124265$r2021-01-12 00:00:00$w2021-01-12$ySCO$OW.2348 III
=999  \\$c10215$d10215

