=LDR  00414 c  a2200121   4500
=001  10217
=100  \\$aPraetorius, Michael$d1571-1621$4cmp$1http://www.wikidata.org/entity/Q108278$97239
=245  \\$aMusæ Sioniæ Teil IX-1 (1610)
=260  \\$c1929
=500  \\$aNog geen RFID
=942  \\$cSCO
=952  \\$00$10$40$70$8SCO$910205$aORPH$bORPH$cKTS1_P$d2021-01-12$l0$r2021-01-12 00:00:00$w2021-01-12$ySCO$OW.2348 IX-1
=999  \\$c10217$d10217

