=LDR  00404 c  a2200121   4500
=001  10223
=100  \\$aPraetorius, Michael$d1571-1621$4cmp$1http://www.wikidata.org/entity/Q108278$97239
=245  \\$aMissodia Sionia (1611)
=260  \\$c1934
=500  \\$aNog geen RFID
=942  \\$cSCO
=952  \\$00$10$40$70$8SCO$910211$aORPH$bORPH$cKTS1_P$d2021-01-12$l0$r2021-01-12 00:00:00$w2021-01-12$ySCO$OW.2348 XI
=999  \\$c10223$d10223

