=LDR  00381 c  a2200109   4500
=001  10227
=100  \\$aPraetorius, Michael$d1571-1621$4cmp$1http://www.wikidata.org/entity/Q108278$97239
=245  \\$aPuericinium (1621)
=260  \\$c1938
=942  \\$cSCO
=952  \\$00$10$40$70$8SCO$910215$aORPH$bORPH$cKTS1_P$d2021-01-12$l0$p20124257$r2021-01-12 00:00:00$w2021-01-12$ySCO$OW.2348 XIX
=999  \\$c10227$d10227

