=LDR  00380 c  a2200109   4500
=001  10228
=100  \\$aPraetorius, Michael$d1571-1621$4cmp$1http://www.wikidata.org/entity/Q108278$97239
=245  \\$aTerpsichore (1612)
=260  \\$c1929
=942  \\$cSCO
=952  \\$00$10$40$70$8SCO$910216$aORPH$bORPH$cKTS1_P$d2021-01-12$l0$p20124261$r2021-01-12 00:00:00$w2021-01-12$ySCO$OW.2348 XV
=999  \\$c10228$d10228

