=LDR  00355 c  a2200121   4500
=001  10235
=100  \\$aPrenner, G.$4cmp$913366
=245  \\$aStaatsmotetten für Erzherzog Karl
=260  \\$c1971
=500  \\$aNog geen RFID
=942  \\$cSCO
=952  \\$00$10$40$70$8SCO$910223$aORPH$bORPH$cKTS1_P$d2021-01-12$l0$r2021-01-12 00:00:00$w2021-01-12$ySCO$OW.1927
=999  \\$c10235$d10235

