=LDR  00340 c  a2200109   4500
=001  10253
=100  \\$aPriuli, G.$4cmp$913380
=245  \\$aSacrorum Concentuum Pars Prima (1618)
=260  \\$c1973
=942  \\$cSCO
=952  \\$00$10$40$70$8SCO$910241$aORPH$bORPH$cKTS1_P$d2021-01-12$l0$p20121757$r2021-01-12 00:00:00$w2021-01-12$ySCO$OW.1237-II
=999  \\$c10253$d10253

