=LDR  00363 c  a2200109   4500
=001  10267
=100  \\$aPurcell, Henry$d1659-1695$4cmp$1http://www.wikidata.org/entity/Q9695$95840
=245  \\$aThe Tempest
=260  \\$c1912
=942  \\$cSCO
=952  \\$00$10$40$70$8SCO$910255$aORPH$bORPH$cKTS1_P$d2021-01-12$l0$p20121902$r2021-01-12 00:00:00$w2021-01-12$ySCO$OW.2555
=999  \\$c10267$d10267

