=LDR  00336 c  a2200109   4500
=001  10297
=100  \\$aRădulescu, Horațiu$d1942-2008$4cmp$913412
=245  \\$aChriste Eleison
=260  \\$c1986
=942  \\$cSCO
=952  \\$00$10$40$70$8SCO$910285$aORPH$bORPH$cKTS1_P$d2021-01-12$l0$p20124309$r2021-01-12 00:00:00$w2021-01-12$ySCO$OW.1816
=999  \\$c10297$d10297

