=LDR  00381 c  a2200109   4500
=001  10306
=100  \\$aRameau, Jean-Philippe$d1683-1764$4cmp$1http://www.wikidata.org/entity/Q1145$94787
=245  \\$aLe Temple de la Gloire
=260  \\$c1909
=942  \\$cSCO
=952  \\$00$10$40$70$8SCO$910294$aORPH$bORPH$cKTS1_P$d2021-01-12$l0$p20121706$r2021-01-12 00:00:00$w2021-01-12$ySCO$OW.0164
=999  \\$c10306$d10306

