=LDR  00381 c  a2200109   4500
=001  10307
=100  \\$aRameau, Jean-Philippe$d1683-1764$4cmp$1http://www.wikidata.org/entity/Q1145$94787
=245  \\$aLes Indes Galantes I
=260  \\$c1902
=942  \\$cSCO
=952  \\$00$10$40$70$8SCO$910295$aORPH$bORPH$cKTS1_P$d2021-01-12$l0$p20124058$r2021-01-12 00:00:00$w2021-01-12$ySCO$OW.1384-a
=999  \\$c10307$d10307

