=LDR  00382 c  a2200109   4500
=001  10308
=100  \\$aRameau, Jean-Philippe$d1683-1764$4cmp$1http://www.wikidata.org/entity/Q1145$94787
=245  \\$aLes Indes Galantes II
=260  \\$c1902
=942  \\$cSCO
=952  \\$00$10$40$70$8SCO$910296$aORPH$bORPH$cKTS1_P$d2021-01-12$l0$p20124059$r2021-01-12 00:00:00$w2021-01-12$ySCO$OW.1384-b
=999  \\$c10308$d10308

