=LDR  00375 c  a2200109   4500
=001  10309
=100  \\$aRameau, Jean-Philippe$d1683-1764$4cmp$1http://www.wikidata.org/entity/Q1145$94787
=245  \\$aCastor et Pollux
=260  \\$c1903
=942  \\$cSCO
=952  \\$00$10$40$70$8SCO$910297$aORPH$bORPH$cKTS1_P$d2021-01-12$l0$p20124028$r2021-01-12 00:00:00$w2021-01-12$ySCO$OW.1664
=999  \\$c10309$d10309

