=LDR  00379 c  a2200097   4500
=001  10310
=100  \\$aRameau, Jean-Philippe$d1683-1764$4cmp$1http://www.wikidata.org/entity/Q1145$94787
=245  \\$aAquilon et Orithie (enlevement d'Orithie)
=942  \\$cSCO
=952  \\$00$10$40$70$8SCO$910298$aORPH$bORPH$cKTS1_P$d2021-01-12$l0$p20121901$r2021-01-12 00:00:00$w2021-01-12$ySCO$OW.2559
=999  \\$c10310$d10310

