=LDR  00335 c  a2200109   4500
=001  10506
=100  \\$aRoman, Johan Helmich$d1694-1758$4cmp$911488
=245  \\$aSinfonie 1-3
=260  \\$c1965
=942  \\$cSCO
=952  \\$00$10$40$70$8SCO$910493$aORPH$bORPH$cKTS1_P$d2021-01-12$l0$p20121824$r2021-01-12 00:00:00$w2021-01-12$ySCO$OW.1312/4
=999  \\$c10506$d10506

