=LDR  00394 c  a2200109   4500
=001  10529
=100  \\$aRore, Cipriano de$d1515/16-1565$4cmp$1http://www.wikidata.org/entity/Q316074$918024
=245  \\$aThe madrigals of Cipriano de Rore
=260  \\$c1943
=942  \\$cSCO
=952  \\$00$10$40$70$8SCO$910516$aORPH$bORPH$cKTS1_P$d2021-01-12$l0$p20121737$r2021-01-12 00:00:00$w2021-01-12$ySCO$OW.0061
=999  \\$c10529$d10529

