=LDR  00362 c  a2200097   4500
=001  10538
=100  \\$aRosenmüller, Johann$dc. 1619-1684$4cmp$1http://www.wikidata.org/entity/Q372593$910693
=245  \\$aSonate da Camera
=942  \\$cSCO
=952  \\$00$10$40$70$8SCO$910525$aORPH$bORPH$cKTS1_P$d2021-01-12$l0$p20121554$r2021-01-12 00:00:00$w2021-01-12$ySCO$OW.0013-18
=999  \\$c10538$d10538

