=LDR  00333 c  a2200109   4500
=001  10574
=100  \\$aRózycki, J.$4cmp$913675
=245  \\$aExsultemus omnes, concerto à 3
=260  \\$c1960
=942  \\$cSCO
=952  \\$00$10$40$70$8SCO$910561$aORPH$bORPH$cKTS1_P$d2021-01-12$l0$p20121711$r2021-01-12 00:00:00$w2021-01-12$ySCO$OW.0142
=999  \\$c10574$d10574

