=LDR  00355 c  a2200109   4500
=001  10699
=100  \\$as.n.$4cmp$913703
=245  \\$aSonatas Barrocas Archivo Musical Vol. V Violin I, Violin II
=260  \\$c2006
=942  \\$cSCO
=952  \\$00$10$40$70$8SCO$910686$aORPH$bORPH$cKTS1_P$d2021-01-12$l0$p20121835$r2021-01-12 00:00:00$w2021-01-12$ySCO$OW.2360 V
=999  \\$c10699$d10699

