=LDR  00411 c  a2200121   4500
=001  10787
=020  \\$a0674640306
=100  \\$aScarlatti, Alessandro$d1660-1725$4cmp$1http://www.wikidata.org/entity/Q183087$913800
=245  \\$aThe faithfull princess
=260  \\$c1977
=942  \\$cSCO
=952  \\$00$10$40$70$8SCO$910774$aORPH$bORPH$cKTS1_P$d2021-01-12$l0$p20121638$r2021-01-12 00:00:00$w2021-01-12$ySCO$OW.0706
=999  \\$c10787$d10787

