=LDR  00408 c  a2200109   4500
=001  10835
=100  \\$aScheidt, Samuel$d1587-1654$4cmp$1http://www.wikidata.org/entity/Q169291$96474
=245  \\$aSamuel Scheidt Werke Band II/III
=260  \\$c1928
=942  \\$cSCO
=952  \\$00$10$40$70$8SCO$910822$aORPH$bORPH$cKTS1_P$d2021-01-12$l1$p20124247$r2024-01-10 00:00:00$s2023-12-14$w2021-01-12$ySCO$OW.groot.013-2/3
=999  \\$c10835$d10835

