=LDR  00392 c  a2200109   4500
=001  10841
=100  \\$aScheidt, Samuel$d1587-1654$4cmp$1http://www.wikidata.org/entity/Q169291$96474
=245  \\$aSamuel Scheidt Werke Band VIII
=260  \\$c1957
=942  \\$cSCO
=952  \\$00$10$40$70$8SCO$910828$aORPH$bORPH$cKTS1_P$d2021-01-12$l0$p20124250$r2021-01-12 00:00:00$w2021-01-12$ySCO$OW.groot.013-8
=999  \\$c10841$d10841

