=LDR  00382 c  a2200109   4500
=001  10901
=100  \\$aSchmelzer, Johann Heinrich$dc. 1623-1680$4cmp$1http://www.wikidata.org/entity/Q701274$913890
=245  \\$aZwei Sonaten
=260  \\$c1959
=942  \\$cSCO
=952  \\$00$10$40$70$8SCO$910888$aORPH$bORPH$cKTS1_P$d2021-01-12$l0$p20121678$r2021-01-12 00:00:00$w2021-01-12$ySCO$OW.0433
=999  \\$c10901$d10901

