=LDR  00410 c  a2200109   4500
=001  10902
=100  \\$aSchmelzer, Johann Heinrich$dc. 1623-1680$4cmp$1http://www.wikidata.org/entity/Q701274$913890
=245  \\$aSacro-profanus Concentus Musicus
=260  \\$c1965
=942  \\$cSCO
=952  \\$00$10$40$70$8SCO$910889$aORPH$bORPH$cKTS1_P$d2021-01-12$l0$p20121833$r2021-01-12 00:00:00$w2021-01-12$ySCO$OW.1030-111/112
=999  \\$c10902$d10902

