=LDR  00438 c  a2200109   4500
=001  10959
=100  \\$aSchopp, Johann$d1590-1667$4cmp$1http://www.wikidata.org/entity/Q657445$97558
=245  \\$aWerken voor viool en bas
=260  \\$c1978
=942  \\$cSCO
=952  \\$00$10$2ddc$40$6SCO_MISC_RASC$70$8SCO$910946$aORPH$bORPH$cKTS1_H$d2020-07-08$eKoopman$iW178-VIII$l0$oSCO MISC RASC$p20121699$r2021-01-12 00:00:00$w2021-01-12$ySCO$OW.0178-VIII
=999  \\$c10959$d10959

