=LDR  00428 c  a2200121   4500
=001  10988
=100  \\$aSchubert, Franz$d1797-1828$4cmp$1http://www.wikidata.org/entity/Q7312$96183
=245  \\$aKlaviersonaten Bd.1
=260  \\$cOp.42
=500  \\$aLizenznummer (DDR): 415-330/N 128/87
=942  \\$cSCO
=952  \\$00$10$40$70$8SCO$910975$aORPH$bORPH$cKTS1_P$d2021-01-12$l0$p20124034$r2021-01-12 00:00:00$w2021-01-12$ySCO$OW.1613-1
=999  \\$c10988$d10988

