=LDR  00400 c  a2200121   4500
=001  11018
=020  \\$a048624340
=100  \\$aSchumann, Robert$d1810-1856$4cmp$1http://www.wikidata.org/entity/Q7351$913977
=245  \\$aConcerto in A minor
=260  \\$c1982
=942  \\$cSCO
=952  \\$00$10$40$70$8SCO$911005$aORPH$bORPH$cKTS1_P$d2021-01-12$l0$p20124290$r2021-01-12 00:00:00$w2021-01-12$ySCO$OW.2086
=999  \\$c11018$d11018

