=LDR  00396 c  a2200109   4500
=001  11029
=100  \\$aSchuyt, Cornelis$d1557-1616$4cmp$1http://www.wikidata.org/entity/Q749364$913993
=245  \\$aVijfstemmige madrigalen eerste bundel
=260  \\$c1937
=942  \\$cSCO
=952  \\$00$10$40$70$8SCO$911016$aORPH$bORPH$cKTS1_P$d2021-01-12$l0$p20124065$r2021-01-12 00:00:00$w2021-01-12$ySCO$OW.1294-1
=999  \\$c11029$d11029

