=LDR  00368 c  a2200109   4500
=001  11298
=100  \\$aSteffani, Agostino$d1654-1728$4cmp$1http://www.wikidata.org/entity/Q395725$914420
=245  \\$aTassilone
=260  \\$c1958
=942  \\$cSCO
=952  \\$00$10$40$70$8SCO$911285$aORPH$bORPH$cKTS1_P$d2021-01-12$l0$p20124038$r2021-01-12 00:00:00$w2021-01-12$ySCO$OW.1531
=999  \\$c11298$d11298

