=LDR  01103acm a2200217   4500
=001  11398
=008  230213s1932\\\\|||g||||\||||\00|\d\spa\d
=041  \\$aspa
=100  \\$aSubirá, José$d1882-1980$4edt$1http://www.wikidata.org/entity/Q5945670$914299
=245  \\$aTonadillas teatrales inéditas:$bLibretos y partituras, con una descripción sinóptica de nuestra música lírica
=260  \\$aMadrid$bOlózaga$c1932
=300  \\$a349 pages$bmusic
=648  \0$a18th Century (1701-1800)$1http://www.wikidata.org/entity/Q7015$920899
=650  \0$aMusic theater$1http://www.wikidata.org/entity/Q96394452$92065
=650  \0$aMusic history$1http://www.wikidata.org/entity/Q846047$921373
=650  \0$aMusic criticism$1http://www.wikidata.org/entity/Q11748889$921598
=650  \0$aLibretto$1http://www.wikidata.org/entity/Q131084$94031
=651  \0$aSpain$1http://www.wikidata.org/entity/Q29$920983
=942  \\$cSCO
=952  \\$00$10$2ddc$40$6TOP_ES_5_000000000000000$70$8TOP$911385$aORPH$bORPH$cKTS1_H$d2020-07-08$eKoopman$i25B23$l0$oTOP ES 5$p20129201$r2021-01-12 00:00:00$w2021-01-12$yBOO$OKoopman
=999  \\$d11398

