=LDR  00403 c  a2200109   4500
=001  11425
=100  \\$aSweelinck, Jan Pieterszoon$d1562-1621$4cmp$1http://www.wikidata.org/entity/Q110294$911454
=245  \\$aSettings of Secular Melodies and
=260  \\$c1974
=942  \\$cSCO
=952  \\$00$10$40$70$8SCO$911412$aORPH$bORPH$cKTS1_P$d2021-01-12$l0$p20124018$r2021-01-12 00:00:00$w2021-01-12$ySCO$OW.1132-I:3
=999  \\$c11425$d11425

