=LDR  00389 c  a2200109   4500
=001  11427
=100  \\$aSweelinck, Jan Pieterszoon$d1562-1621$4cmp$1http://www.wikidata.org/entity/Q110294$911454
=245  \\$aPsalmen. Vierde boek
=260  \\$c1898
=942  \\$cSCO
=952  \\$00$10$40$70$8SCO$911414$aORPH$bORPH$cKTS1_P$d2021-01-12$l0$p20121606$r2021-01-12 00:00:00$w2021-01-12$ySCO$OW.1235-V
=999  \\$c11427$d11427

