=LDR  00386 c  a2200109   4500
=001  11428
=100  \\$aSweelinck, Jan Pieterszoon$d1562-1621$4cmp$1http://www.wikidata.org/entity/Q110294$911454
=245  \\$aCantiones sacrae
=260  \\$c1899
=942  \\$cSCO
=952  \\$00$10$40$70$8SCO$911415$aORPH$bORPH$cKTS1_P$d2021-01-12$l0$p20121605$r2021-01-12 00:00:00$w2021-01-12$ySCO$OW.1235-VI
=999  \\$c11428$d11428

