=LDR  00379 c  a2200109   4500
=001  11429
=100  \\$aSweelinck, Jan Pieterszoon$d1562-1621$4cmp$1http://www.wikidata.org/entity/Q110294$911454
=245  \\$aChansons
=260  \\$c1899
=942  \\$cSCO
=952  \\$00$10$40$70$8SCO$911416$aORPH$bORPH$cKTS1_P$d2021-01-12$l0$p20121604$r2021-01-12 00:00:00$w2021-01-12$ySCO$OW.1235-VII
=999  \\$c11429$d11429

