=LDR  00326 c  a2200109   4500
=001  11540
=100  \\$aToebosch, L.$4cmp$914427
=245  \\$aPreludium, Aria en Fuga
=260  \\$cOp.72
=942  \\$cSCO
=952  \\$00$10$40$70$8SCO$911525$aORPH$bORPH$cKTS1_P$d2021-01-12$l0$p20124067$r2021-01-12 00:00:00$w2021-01-12$ySCO$OW.1272
=999  \\$c11540$d11540

