=LDR  00368 c  a2200109   4500
=001  11597
=100  \\$aTunder, Franz$d1614-1667$4cmp$1http://www.wikidata.org/entity/Q698358$914483
=245  \\$aGesangswerke
=260  \\$c1900
=942  \\$cSCO
=952  \\$00$10$40$70$8SCO$911582$aORPH$bORPH$cKTS1_P$d2021-01-12$l0$p20121552$r2021-01-12 00:00:00$w2021-01-12$ySCO$OW.0013-3
=999  \\$c11597$d11597

