=LDR  00384 c  a2200121   4500
=001  12905
=005  20250926104052.0
=100  \\$aVejvanovsky, P. J.$d1639-1693$4cmp$915217
=245  \\$aComposizioni per orchest Parte terza
=260  \\$c1983
=942  \\$cSCO
=952  \\$00$10$40$70$8SCO$912887$aORPH$bORPH$cKTS1_P$d2021-01-12$l0$p20124216$r2021-01-12 00:00:00$w2021-01-12$ySCO$OW.1466
=999  \\$c12905$d12905

