=LDR  00385 c  a2200109   4500
=001  13000
=100  \\$aVivaldi, Antonio$d1678-1741$4cmp$1http://www.wikidata.org/entity/Q1340$911980
=245  \\$aConcerto in La minore
=260  \\$cF.VIII/10
=942  \\$cSCO
=952  \\$00$10$40$70$8SCO$912982$aORPH$bORPH$cKTS1_P$d2021-01-12$l0$p20123993$r2021-01-12 00:00:00$w2021-01-12$ySCO$OW.1155-119
=999  \\$c13000$d13000

