=LDR  00424 c  a2200121   4500
=001  13006
=020  \\$a9790041907697
=100  \\$aVivaldi, Antonio$d1678-1741$4cmp$1http://www.wikidata.org/entity/Q1340$911980
=245  \\$aConcerto in si minore per violonc
=260  \\$cRV.424
=942  \\$cSCO
=952  \\$00$10$40$70$8SCO$912988$aORPH$bORPH$cKTS1_P$d2021-01-12$l0$p20123987$r2021-01-12 00:00:00$w2021-01-12$ySCO$OW.1155-219
=999  \\$c13006$d13006

