=LDR  00394 c  a2200109   4500
=001  13007
=100  \\$aVivaldi, Antonio$d1678-1741$4cmp$1http://www.wikidata.org/entity/Q1340$911980
=245  \\$aConcerto in Fa maggiore per violo
=260  \\$cRV.412
=942  \\$cSCO
=952  \\$00$10$40$70$8SCO$912989$aORPH$bORPH$cKTS1_P$d2021-01-12$l0$p20123986$r2021-01-12 00:00:00$w2021-01-12$ySCO$OW.1155-221
=999  \\$c13007$d13007

