=LDR  00394 c  a2200109   4500
=001  13009
=100  \\$aVivaldi, Antonio$d1678-1741$4cmp$1http://www.wikidata.org/entity/Q1340$911980
=245  \\$aConcerto in La minore per violonc
=260  \\$cRV.421
=942  \\$cSCO
=952  \\$00$10$40$70$8SCO$912991$aORPH$bORPH$cKTS1_P$d2021-01-12$l0$p20123984$r2021-01-12 00:00:00$w2021-01-12$ySCO$OW.1155-232
=999  \\$c13009$d13009

