=LDR  00424 c  a2200121   4500
=001  13020
=020  \\$a9790041910840
=100  \\$aVivaldi, Antonio$d1678-1741$4cmp$1http://www.wikidata.org/entity/Q1340$911980
=245  \\$aConcerto in Mi Minore per 4 Violi
=260  \\$cOp.3/4
=942  \\$cSCO
=952  \\$00$10$40$70$8SCO$913002$aORPH$bORPH$cKTS1_P$d2021-01-12$l0$p20123975$r2021-01-12 00:00:00$w2021-01-12$ySCO$OW.1155-409
=999  \\$c13020$d13020

