=LDR  00394 c  a2200109   4500
=001  13023
=100  \\$aVivaldi, Antonio$d1678-1741$4cmp$1http://www.wikidata.org/entity/Q1340$911980
=245  \\$aConcerto in Re maggiore per violo
=260  \\$cRV.404
=942  \\$cSCO
=952  \\$00$10$40$70$8SCO$913005$aORPH$bORPH$cKTS1_P$d2021-01-12$l0$p20123973$r2021-01-12 00:00:00$w2021-01-12$ySCO$OW.1155-500
=999  \\$c13023$d13023

