=LDR  00391 c  a2200109   4500
=001  13025
=100  \\$aVivaldi, Antonio$d1678-1741$4cmp$1http://www.wikidata.org/entity/Q1340$911980
=245  \\$aTrio in Do Maggiore per violino,
=260  \\$cRV.82
=942  \\$cSCO
=952  \\$00$10$40$70$8SCO$913007$aORPH$bORPH$cKTS1_P$d2021-01-12$l0$p20124001$r2021-01-12 00:00:00$w2021-01-12$ySCO$OW.1155-63
=999  \\$c13025$d13025

