=LDR  00383 c  a2200109   4500
=001  13027
=100  \\$aVivaldi, Antonio$d1678-1741$4cmp$1http://www.wikidata.org/entity/Q1340$911980
=245  \\$aConcerto in Mi minore
=260  \\$cF.VIII/6
=942  \\$cSCO
=952  \\$00$10$40$70$8SCO$913009$aORPH$bORPH$cKTS1_P$d2021-01-12$l0$p20123999$r2021-01-12 00:00:00$w2021-01-12$ySCO$OW.1155-71
=999  \\$c13027$d13027

