=LDR  00423 c  a2200121   4500
=001  13031
=020  \\$a9790041904504
=100  \\$aVivaldi, Antonio$d1678-1741$4cmp$1http://www.wikidata.org/entity/Q1340$911980
=245  \\$aConcerto in Fa Maggiore per 3 Vio
=260  \\$cF.I:34
=942  \\$cSCO
=952  \\$00$10$40$70$8SCO$913013$aORPH$bORPH$cKTS1_P$d2021-01-12$l0$p20123995$r2021-01-12 00:00:00$w2021-01-12$ySCO$OW.1155-88
=999  \\$c13031$d13031

