=LDR  00424 c  a2200121   4500
=001  13134
=020  \\$a250351460X
=100  \\$aWassenaer, Unico Wilhelm van$cGraaf$d1692-1766$4cmp$1http://www.wikidata.org/entity/Q497638$915413
=245  \\$aSei Concerti Armonici
=260  \\$c2003
=942  \\$cSCO
=952  \\$00$10$40$70$8SCO$913116$aORPH$bORPH$cKTS1_P$d2021-01-12$l0$p20121883$r2021-01-12 00:00:00$w2021-01-12$ySCO$OW.2683
=999  \\$c13134$d13134

