=LDR  00395 c  a2200109   4500
=001  13146
=100  \\$aWeckmann, Matthias$d1616?-1674$4cmp$1http://www.wikidata.org/entity/Q526500$910393
=245  \\$aSolokantaten und Chorwerke mit In
=260  \\$c1957
=942  \\$cSCO
=952  \\$00$10$40$70$8SCO$913128$aORPH$bORPH$cKTS1_P$d2021-01-12$l0$p20121549$r2021-01-12 00:00:00$w2021-01-12$ySCO$OW.0013-6
=999  \\$c13146$d13146

