=LDR  00378 c  a2200109   4500
=001  13147
=100  \\$aWeelkes, Thomas$d1576-1623$4cmp$1http://www.wikidata.org/entity/Q553908$96254
=245  \\$aCollected Anthems
=260  \\$c1966
=942  \\$cSCO
=952  \\$00$10$40$70$8SCO$913129$aORPH$bORPH$cKTS1_P$d2021-01-12$l0$p20121613$r2021-01-12 00:00:00$w2021-01-12$ySCO$OW.0992-XXIII
=999  \\$c13147$d13147

