=LDR  00347 c  a2200121   4500
=001  13389
=020  \\$aM-005-30561-3
=100  \\$aZilkens, U.$4cmp$915649
=245  \\$aZwölf Préludes
=260  \\$c2000
=942  \\$cSCO
=952  \\$00$10$40$70$8SCO$913370$aORPH$bORPH$cKTS1_P$d2021-01-12$l0$p20124029$r2021-01-12 00:00:00$w2021-01-12$ySCO$OW.1661
=999  \\$c13389$d13389

