=LDR  00375 c  a2200109   4500
=001  13398
=100  \\$aZipoli, Domenico$d1688-1726$4cmp$1http://www.wikidata.org/entity/Q134923$913785
=245  \\$aMisa San Ignacio
=260  \\$c1992
=942  \\$cSCO
=952  \\$00$10$40$70$8SCO$913379$aORPH$bORPH$cKTS1_P$d2021-01-12$l0$p20124315$r2021-01-12 00:00:00$w2021-01-12$ySCO$OW.1730-1
=999  \\$c13398$d13398

