=LDR  01326acm a2200181   4500
=001  13746
=005  20250120120009.0
=008  171026s\\\\\\\\\\\\\\\\\\\\\\\\\\0\e
=041  \\$aeng
=100  \\$4Editor$aPage, Christopher$d1952-$1http://www.wikidata.org/entity/Q3675871$915727
=100  \\$4Composer$aHildegard of Bingen$915728
=245  \\$aAbbess Hildegard of bingen (1098-1179): sequences and hymns
=260  \\$aNewton Abbot$bAntico edition
=300  \\$a27
=520  \\$aThis edition contains all the pieces by Hildegard which are labelled Sequentia in the two manuscript sources of her songs, together with O viridissima virga which should, perhaps, be classed as a sequence and Ave,generosa, one of Hildegard's finest hymns. Twelfth century sequences generally consisted of verses comprising a pair of versicles, each versicle being set to the same melody and the melody being different for each verse, producing a melodic form AA BB CC and so on. Contains: Columba aspexit Ave, generosa O ignis spiritus O lerusalem,aurea civitas O Euchari O viridissima virga O presul vere civitatis O Ecclesia O virga ac diadema Text of songs are included in both the notes and in poetic form in back.
=942  \\$cSCO
=952  \\$00$10$40$70$8SCO$913712$aORPH$bORPH$cKTS1_P$l0$p20117133$r2021-01-12 00:00:00$w2021-01-12$ySCO
=999  \\$c13746$d13746

