=LDR  00608acm a2200169   4500
=001  13815
=005  20251009081429.0
=008  120716s2000\\\\\\\\\\\\\\\\\\\\\\0\\\\
=020  \\$a0571517277
=100  \\$4cmp$aHarvey, Jonathan$d1939-2012$915775
=245  \\$aAdvaya: for cello, electronic keyboard and electronics
=260  \\$aLondon$bFaber Music$c2000
=300  \\$a32
=942  \\$cSCO
=952  \\$00$10$40$70$8SCO$913782$aORPH$bORPH$cKTS1_P$l0$p20111390$r2021-01-12 00:00:00$w2021-01-12$ySCO
=952  \\$00$10$40$70$8SCO$913783$aORPH$bORPH$cKTS1_P$l0$p20111391$r2021-01-12 00:00:00$w2021-01-12$ySCO
=999  \\$c13815$d13815

