=LDR  00937acm a2200241   4500
=001  13863
=005  20250422213512.0
=008  170710s\\\\\\\\\\\\\\\\\\\\\\\\\\0\\\\
=100  \\$4Compositeur$aJunker, W.$915827
=100  \\$4Compositeur$aMarty, Georges$915828
=100  \\$4Compositeur$aPierné, Gabriel$d1863-1937$1http://www.wikidata.org/entity/Q433749$97100
=100  \\$4Compositeur$aSaint-Saëns, Camille$d1835-1921$1http://www.wikidata.org/entity/Q150445$97644
=100  \\$4Compositeur$aGillet, Ernest$d1856-1940$915829
=100  \\$4Compositeur$aTrill, Julien$915830
=100  \\$4Compositeur$aHirchmann, Henri$915831
=100  \\$4Compositeur$aPeiffer, G.-E.$915832
=245  \\$aAlbum musica: N°30
=260  \\$aParis$bPierre Lafitte
=300  \\$a71
=490  \\$aAlbum musica$vN°30
=942  \\$cSCO
=952  \\$00$10$40$70$8SCO$913832$aORPH$bORPH$cKTS1_P$l0$p20116882$r2021-01-12 00:00:00$w2021-01-12$ySCO
=999  \\$c13863$d13863

