=LDR  00521acm a2200157   4500
=001  13865
=005  20250120120322.0
=008  170710s\\\\\\\\\\\\\\\\\\\\\\\\\\0\\\\
=100  \\$4Compositeur$aBeethoven, Ludwig van$d1770-1827$1http://www.wikidata.org/entity/Q255$95335
=245  \\$aAlbum musica: N°32
=260  \\$aParis$bPierre Lafitte
=300  \\$a98-119
=490  \\$aAlbum musica$vN°32
=942  \\$cSCO
=952  \\$00$10$40$70$8SCO$913834$aORPH$bORPH$cKTS1_P$l0$p20116884$r2021-01-12 00:00:00$w2021-01-12$ySCO
=999  \\$c13865$d13865

