=LDR  00521acm a2200157   4500
=001  13898
=005  20250120120520.0
=008  170829s\\\\\\\\\\\\\\\\\\\\\\\\\\0\f
=041  \\$afre
=100  \\$4Compositeur$aThomas, Ambroise$d1811-1896$1http://www.wikidata.org/entity/Q297717$922761
=245  \\$aAmbroise Thomas: le songe d'une nuit d'été
=260  \\$aParis$bAu Ménestrel
=300  \\$a5
=942  \\$cSCO
=952  \\$00$10$40$70$8SCO$913867$aORPH$bORPH$cKTS1_P$l0$p20116976$r2021-01-12 00:00:00$w2021-01-12$ySCO
=999  \\$c13898$d13898

