=LDR  00427acm a2200145   4500
=001  13911
=005  20250120120025.0
=008  170209s\\\\\\\\\\\\\\\\\\\\\\\\\\0\e
=041  \\$aeng
=100  \\$aEck, Job van$4cmp$915891
=245  \\$aAn analysis of a well-known argument for fatalism
=300  \\$a12
=942  \\$cSCO
=952  \\$00$10$40$70$8SCO$913880$aORPH$bORPH$cKTS1_P$l0$p20116606$r2021-01-12 00:00:00$w2021-01-12$ySCO
=999  \\$c13911$d13911

