=LDR  00519acm a2200157   4500
=001  14012
=005  20250120120028.0
=008  170829s\\\\\\\\\\\\\\\\\\\\\\\\\\0\d
=041  \\$ager
=100  \\$4Komponist$aDelibes, Léo$d1836-1891$1http://www.wikidata.org/entity/Q207951$915968
=245  \\$aArchiv für 6-14 stimmiges Orchester nr. 6
=260  \\$aBerlin$bAdolph Fürstner
=300  \\$a11
=942  \\$cSCO
=952  \\$00$10$40$70$8SCO$913982$aORPH$bORPH$cKTS1_P$l0$p20116970$r2021-01-12 00:00:00$w2021-01-12$ySCO
=999  \\$c14012$d14012

