=LDR  00541acm a2200181   4500
=001  14185
=005  20230123101142.0
=008  180222s2017\\\\\\\\\\\\\\\\\\\\\\0\es
=020  \\$a9790550523494
=041  \\$aes
=100  \\$4Composer$aFreitas, Frederico de$916171
=100  \\$4Editor$aBenetti, Alfonso$916172
=245  \\$aBagatelas para piano
=260  \\$aLisboa$bAvA Musical editions$c2017
=300  \\$a21
=942  \\$cSCO
=952  \\$00$10$40$70$8SCO$914159$aORPH$bORPH$cKTS1_P$l0$p20117295$r2021-01-12 00:00:00$w2021-01-12$ySCO
=999  \\$c14185$d14185

