=LDR  00587acm a2200157   4500
=001  14219
=005  20250120120322.0
=008  161017s2015\\\\\\\\\\\\\\\\\\\\\\0\\\\
=020  \\$a9783881881418
=100  \\$aBeethoven, Ludwig van$d1770-1827$4cmp$1http://www.wikidata.org/entity/Q255$95335
=245  \\$aBeethoven: Cello-sonate opus 69: I. Satz
=260  \\$aBonn$bVerlag Beethoven-Haus$c2015
=300  \\$a54
=942  \\$cSCO
=952  \\$00$10$40$70$8SCO$914195$aORPH$bORPH$cKTS1_P$g36.00$l1$m3$p20116210$q2021-09-18$r2021-03-10 00:00:00$s2021-03-10$w2021-01-12$ySCO$Vmuseumshop Bonn
=999  \\$c14219$d14219

