=LDR  00450acm a2200157   4500
=001  14326
=005  20230123101203.0
=008  170629s1899\\\\\\\\\\\\\\\\\\\\\\0\f
=041  \\$afre
=100  \\$4Compositeur$aDupuis, Albert$916298
=245  \\$aBilitis
=260  \\$aVerviers$bAlex. Hanlet éditeur$c1899
=300  \\$a131
=942  \\$cSCO
=952  \\$00$10$40$70$8SCO$914304$aORPH$bORPH$cKTS1_P$l0$p20116815$r2021-01-12 00:00:00$w2021-01-12$ySCO
=999  \\$c14326$d14326

