=LDR  00480acm a2200145   4500
=001  14357
=005  20230122211235.0
=008  170710s\\\\\\\\\\\\\\\\\\\\\\\\\\0\\\\
=100  \\$4Arrangeur$aAnschutz, J. A.$916333
=245  \\$aBouquet de mélodies pour piano: princesse d'Auberge, opéra de Jan Blockx
=260  \\$aParis$bAu Ménestrel
=300  \\$a13
=942  \\$cSCO
=952  \\$00$10$40$70$8SCO$914335$aORPH$bORPH$cKTS1_P$l0$p20116881$r2021-01-12 00:00:00$w2021-01-12$ySCO
=999  \\$c14357$d14357

