=LDR  00644acm a2200157   4500
=001  14360
=005  20250120120344.0
=008  150915s1972\\\\\\\\\\\\\\\\\\\\\\0\\\\
=100  \\$4cmp$aLully, Jean-Baptiste$d1632-1687$eComposer$1http://www.wikidata.org/entity/Q1192$95867
=245  \\$aLe Bourgeois Gentilhomme$bFür 2 violinen, 2 violen, violoncello und cembalo
=260  \\$aMainz$bSchott$c1972
=300  \\$a27
=700  \\$4lbt$aMolière$d1622-1673$eLibrettist$1http://www.wikidata.org/entity/Q687$95673
=942  \\$cSCO$2ddc
=952  \\$00$10$2ddc$40$70$8SCO$914338$aORPH$bORPH$cKTS1_P$l0$p20115697$r2021-01-12 00:00:00$w2021-01-12$ySCO
=999  \\$c14360$d14360

