=LDR  00529acm a2200157   4500
=001  14450
=005  20250120154910.0
=008  170829s\\\\\\\\\\\\\\\\\\\\\\\\\\0\i
=041  \\$ai
=100  \\$aCapitani, Giuseppe di Vincenzo$d1843-1890$1http://wikidata.org/entity/Q55837713$4Compositore$939436
=245  \\$aCelebri danze: Guiseppe Capitani: Illusioni
=260  \\$aItalia$bBlanchi Francesco
=300  \\$a16
=942  \\$cSCO
=952  \\$00$10$40$70$8SCO$914430$aORPH$bORPH$cKTS1_P$l0$p20116973$r2021-01-12 00:00:00$w2021-01-12$ySCO
=999  \\$d14450

