=LDR  00795acm a2200205   4500
=001  14505
=005  20250120120044.0
=008  171205b\\\\\\\\\\\\\\\\\\\\\\\\\\0\mul
=041  \\$ager$dlat
=100  \\$4cmp$aOckeghem, Johannes$dc. 1410-1497$1http://www.wikidata.org/entity/Q143059$916500
=245  \\$aMissa mi-mi
=260  \\$aWolfenbüttel$bMöseler Verlag
=300  \\$a28 pages
=490  \\$aDas Chorwerk$v4
=648  \0$aRenaissance (1400-1600)$1http://www.wikidata.org/entity/Q4692$920965
=650  \0$aMass$1http://www.wikidata.org/entity/Q217295$92735
=700  \\$4edt$aBesseler, Heinrich$d1900-1969$1http://www.wikidata.org/entity/Q87832$916337
=942  \\$cSCO
=952  \\$00$10$2ddc$40$70$8SCO$914487$aORPH$bORPH$cKTS1_P$l0$p20117159$r2021-01-12 00:00:00$w2021-01-12$ySCO
=999  \\$c14505$d14505

