=LDR  01690acm a2200181   4500
=001  14526
=005  20250120120045.0
=008  190521s1997\\\\\\\\\\\\\\\\\\\\\\0\e
=020  \\$a9780226133669
=041  \\$ae
=100  \\$aD'Accone, Frank A.$d1931-2022$4cmp$1http://www.wikidata.org/entity/Q17579937$916520
=245  \\$aThe civic muse: music and musicians in Siena during the middle ages and the renaissance
=260  \\$aChicago & London$bThe University of Chicago Press$c1997
=300  \\$a862
=520  \\$aSiena, blessed with neither the aristocratic nor the ecclesiastical patronage enjoyed by music in other northern Italian centers like Florence, nevertheless attracted first-rate composers and performers from all over Europe. As Frank A. DAccone shows in this scrupulously documented study, policies developed by the town to favor the common good formed the basis of Sienas ambitious musical programs. 

Based on decades of research in the towns archives, DAccones The Civic Muse brilliantly illuminates both the sacred and the secular aspects of more than three centuries of music and music-making in Siena. After detailing the history of music and liturgy at Sienas famous cathedral and of civic music at the Palazzo Pubblico, DAccone describes the crucial role that music played in the daily life of the town, from public festivities for foreign dignitaries to private musical instruction. Putting Siena squarely on the Renaissance musical map, DAccones monumental study will interest both musicologists and historians of the Italian Renaissance.
=942  \\$cSCO
=952  \\$00$10$40$70$8SCO$914507$aORPH$bORPH$cKTS1_P$l0$p20130591$r2021-01-12 00:00:00$w2021-01-12$ySCO
=999  \\$c14526$d14526

