=LDR  00881acm a2200181   4500
=001  14565
=005  20230123101246.0
=008  190423s\\\\\\\\\\\\\\\\\\\\\\\\\\0\d/e
=020  \\$a9790012204206
=041  \\$ad/e
=100  \\$4Komponist$aMalizia, Irene$916557
=245  \\$aColori e multiforme: 5 Stücke für Violine solo
=260  \\$bDoblinger
=300  \\$a39
=520  \\$a5 Stücke für Violine solo mit aufsteigendem Schwierigkeitsgrad. Mit Erklärungen und Vorübungen für die verwendeten speziellen Violintechniken. Dt., engl, ital.

Inhalt
1. Die magische Treppe (Scala magica)
2. Im Kreis (In cerchio)
3. Kontraste im Spiegel (Contrasti allo specchio)
4. Der Virtuose (Virtuoso)
5. Farben und Formenvielfalt (Colori e Multiforme)
=942  \\$cSCO
=952  \\$00$10$3DVD : 1$40$70$8SCO$914548$aORPH$bORPH$cKTS1_P$l0$p20118002$r2021-01-12 00:00:00$w2021-01-12$ySCO
=999  \\$c14565$d14565

