=LDR  00611acm a2200181   4500
=001  14580
=005  20250120120048.0
=008  171003s1984\\\\\\\\\\\\\\\\\\\\\\0\e
=041  \\$aeng
=100  \\$4Composer$aVitry, Philippe de$d1291-1361$1http://www.wikidata.org/entity/Q311766$916578
=100  \\$4Editor$aSchrade, Leo$916214
=100  \\$4Introduction$aRoesner, Edward H.$916579
=245  \\$aComplete works
=260  \\$aMonaco$bEditions de l'ioiseau-lyre$c1984
=300  \\$a54
=942  \\$cSCO
=952  \\$00$10$40$70$8SCO$914563$aORPH$bORPH$cKTS1_P$l0$p20117062$r2021-01-12 00:00:00$w2021-01-12$ySCO
=999  \\$c14580$d14580

