=LDR  00519acm a2200169   4500
=001  14686
=005  20251009081720.0
=008  180126s1981\\\\\\\\\\\\\\\\\\\\\\0\e
=041  \\$aeng
=100  \\$4edt$aBerry, Mary$916692
=245  \\$aCredo cardinale
=260  \\$aOrleans$bParaclete Press$c1981
=300  \\$a4
=490  \\$aSchola Gregoriana$vSeries I/1
=942  \\$cSCO
=952  \\$00$10$2ddc$40$6SCO_MISC_BERR$70$8SCO$914670$aORPH$bORPH$cKTS1_H$l0$oSCO MISC BERR$p20134582$r2021-01-12 00:00:00$w2021-01-12$ySCO
=999  \\$c14686$d14686

