=LDR  00523acm a2200181   4500
=001  14691
=005  20251009081429.0
=008  130524s\\\\\\\\\\\\\\\\\\\\\\\\\\0\\\\
=100  \\$4cmp$aTenney, James$d1934-2006$916696
=245  \\$aCritical Band
=260  \\$aLebanon$bFrog Peak Music
=774  \\$w250223
=774  \\$w250232
=774  \\$w250242
=774  \\$w250252
=942  \\$cSCO
=952  \\$00$10$40$70$8SCO$914675$aORPH$bORPH$cKTS1_P$g50.00$l0$p20113726$r2021-01-12 00:00:00$w2021-01-12$ySCO$VFrog peak Music
=999  \\$c14691$d14691

