=LDR  00453acm a2200157   4500
=001  14737
=005  20250120120051.0
=008  170704s\\\\\\\\\\\\\\\\\\\\\\\\\\0\f
=041  \\$afre
=100  \\$4Compositeur$aGranado, Denis$916733
=245  \\$aDanses Espagnoles
=260  \\$aLeipzig$bVerlag von Th. Rättig
=300  \\$a10
=942  \\$cSCO
=952  \\$00$10$40$70$8SCO$914724$aORPH$bORPH$cKTS1_P$l0$p20116844$r2021-01-12 00:00:00$w2021-01-12$ySCO
=999  \\$c14737$d14737

