=LDR  00444acm a2200157   4500
=001  14790
=005  20230123102228.0
=008  170704b\\\\\\\\\\\\\\\\\\\\\\\\\\0\fre
=041  \\$afre
=100  \\$4cmp$aBroek, Jacques de$916788
=245  \\$aLa Départ de la Fauvette
=260  \\$aBrussels$bKatto
=300  \\$a5 p.
=942  \\$cSCO
=952  \\$00$10$40$70$8SCO$914777$aORPH$bORPH$cKTS1_P$l0$p20116847$r2021-01-12 00:00:00$w2021-01-12$ySCO
=999  \\$c14790$d14790

