=LDR  00493acm a2200157   4500
=001  14987
=005  20230123102254.0
=008  170704s\\\\\\\\\\\\\\\\\\\\\\\\\\0\f
=041  \\$afre
=100  \\$4Compositeur$aHenselt, Adolphe$916958
=245  \\$aDouze études caractéristiques de concert pour le piano
=260  \\$aLeipzig$bFrédéric Hofmeister
=300  \\$a31
=942  \\$cSCO
=952  \\$00$10$40$70$8SCO$914979$aORPH$bORPH$cKTS1_P$l0$p20116842$r2021-01-12 00:00:00$w2021-01-12$ySCO
=999  \\$c14987$d14987

