=LDR  00823acm a2200181   4500
=001  15024
=005  20230123102301.0
=008  171003s\\\\\\\\\\\\\\\\\\\\\\\\\\0\e
=041  \\$aeng
=245  \\$aEarly English harmony: from the 10th to the 15th century: vol. I facsimiles
=260  \\$aLondon$bThe plainsong and mediaeval music society
=260  \\$aNew York$bAms Press
=700  \\$4edt$aWooldridge, H. E.$916994
=700  \\$4edt$aHughes, Rev. H. V.$916995
=942  \\$cSCO
=952  \\$00$10$2ddc$3Vol. I: Facsimiles$40$6SCO_MISC_WOOL$70$8SCO$915016$aORPH$bORPH$cKTS1_H$l0$oSCO MISC WOOL$p20134728$r2021-01-12 00:00:00$w2021-01-12$ySCO
=952  \\$00$10$2ddc$3Vol. II: Transcriptions and Notes$40$6SCO_MISC_HUGH$70$8SCO$915017$aORPH$bORPH$cKTS1_H$l0$oSCO MISC HUGH$p20134521$r2021-01-12 00:00:00$w2021-01-12$ySCO
=999  \\$c15024$d15024

