=LDR  00431acm a2200145   4500
=001  15116
=005  20250120120100.0
=008  170710s\\\\\\\\\\\\\\\\\\\\\\\\\\0\\\\
=100  \\$4Compositeur$aMichiels, Gustave$917066
=245  \\$aEljen Czardas
=260  \\$aParis$bEnoch & Cie, éditeurs
=300  \\$a7
=942  \\$cSCO
=952  \\$00$10$40$70$8SCO$915108$aORPH$bORPH$cKTS1_P$l0$p20116888$r2021-01-12 00:00:00$w2021-01-12$ySCO
=999  \\$c15116$d15116

