=LDR  00444acm a2200145   4500
=001  15162
=005  20230123102317.0
=008  170710s\\\\\\\\\\\\\\\\\\\\\\\\\\0\\\\
=100  \\$4Compositeur$aDesormes, L. C.$917110
=245  \\$aEn revenant de la revue: polka-marche
=260  \\$aParis$bChez l'auteur
=300  \\$a5
=942  \\$cSCO
=952  \\$00$10$40$70$8SCO$915154$aORPH$bORPH$cKTS1_P$l0$p20116891$r2021-01-12 00:00:00$w2021-01-12$ySCO
=999  \\$c15162$d15162

