=LDR  00440acm a2200145   4500
=001  15167
=005  20250120120101.0
=008  170522s\\\\\\\\\\\\\\\\\\\\\\\\\\0\\\\
=100  \\$4Komponist$aThomé, Francis$917120
=245  \\$aEntracte-pizzicato op.39
=260  \\$aParis$bHenry Lemoine, éditeur
=300  \\$a25
=942  \\$cSCO
=952  \\$00$10$40$70$8SCO$915159$aORPH$bORPH$cKTS1_P$l0$p20116714$r2021-01-12 00:00:00$w2021-01-12$ySCO
=999  \\$c15167$d15167

