=LDR  00467acm a2200145   4500
=001  15265
=005  20230123102335.0
=008  180424s\\\\\\\\\\\\\\\\\\\\\\\\\\0\fre
=100  \\$aMeerts, L. J.$4cmp$917223
=245  \\$aEtudes pour violon: composées et dédiées à mr. Gustave Bcquet
=260  \\$aAntwerp$aBrussels$aMainz$bSchott
=300  \\$a80
=942  \\$cSCO
=952  \\$00$10$40$70$8SCO$915258$aORPH$bORPH$cKTS1_P$l0$p2013141$r2021-01-12 00:00:00$w2021-01-12$ySCO
=999  \\$d15265

