=LDR  00842acm a2200205   4500
=001  15365
=005  20250120120405.0
=008  181217s1958\\\\\\\\\\\\\\\\\\\\\\0\ita
=041  \\$aita
=100  \\$4cmp$aMonte, Philippe de$d1521-1603$1http://www.wikidata.org/entity/Q277029$96645
=245  \\$aIl secondo libro de madrigali spirituali a sei & sette voci
=260  \\$aBrussels$bPaleis der Academiën$c1958
=300  \\$a182 pages
=648  \0$aRenaissance (1400-1600)$1http://www.wikidata.org/entity/Q4692$920965
=648  \0$a16th Century (1501-1600)$1http://www.wikidata.org/entity/Q7017$920944
=650  \0$aMadrigal$1http://www.wikidata.org/entity/Q193217$921649
=700  \\$4edt$aNuten, P.$917311
=942  \\$cSCO
=952  \\$00$10$2ddc$40$70$8SCO$915362$aORPH$bORPH$cKTS1_P$l0$p20131027$r2021-01-12 00:00:00$w2021-01-12$ySCO
=999  \\$c15365$d15365

