=LDR  00907acm a2200169   4500
=001  15387
=005  20251009081720.0
=008  171026s\\\\\\\\\\\\\\\\\\\\\\\\\\0\e
=041  \\$aeng
=100  \\$4edt$aEvereist, Mark$917332
=245  \\$aFive Anglo-Norman motets
=260  \\$aNewton Abbot$bAntico edition
=300  \\$a15
=520  \\$aHere are collected all the surviving motets in Anglo-Norman, the form of French spoken by the aristocracy in thirteenth-century England. Only one, Volez oyer le castoy, is an Anglo-Norman original; the others, Duce creature, Veine pleine de duur, Amor vient tout and Au queer ay un maus, are adaptations of French or Latin motets. For three solo singers, but also performable instrumentally. vi + 11 pages.
=942  \\$cSCO
=952  \\$00$10$2ddc$40$6SCO_MISC_EVER$70$8SCO$915384$aORPH$bORPH$cKTS1_H$l0$oSCO MISC EVER$p20134608$r2021-01-12 00:00:00$w2021-01-12$ySCO
=999  \\$c15387$d15387

