=LDR  01064acm a2200205   4500
=001  15388
=005  20250120120111.0
=008  180314s1988\\\\\\\\\\\\\\\\\\\\\\0\e
=020  \\$a9790570390311
=041  \\$aeng
=100  \\$4Editor$aLefferts, Peter$917333
=100  \\$4Editor$aHuot, Sylvia$917334
=245  \\$aFive ballades for the house of Foix
=260  \\$bAntico edition$c1988
=300  \\$a22
=520  \\$aFour of these ballades (Phiton Phiton, Le mont Aon, Se Galaas and Se July Cesar) honour Gaston Febus, the hero of the motets in AE23. The other piece Se Alixandre praises Gastons nephew and successor Mathieu de Foix. Se Galaas and Se July Cesar are in the rhythmically complex mannered style fashionable in the later fourteenth century. Probably intended for entirely vocal performance, these works also sound well on instruments. ix + 22 pages.
=490  \\$aAntico edition$vAE27
=942  \\$cSCO
=952  \\$00$10$2ddc$40$6SCO_MISC_LEFF$70$8SCO$915385$aORPH$bORPH$cKTS1_H$l0$oSCO MISC LEFF$p20134549$r2021-01-12 00:00:00$w2021-01-12$ySCO
=999  \\$c15388$d15388

