=LDR  00649acm a2200181   4500
=001  15404
=005  20250120120111.0
=008  190423s2016\\\\\\\\\\\\\\\\\\\\\\0\s/e
=020  \\$a9789198229790
=041  \\$as/e
=100  \\$4Editor$aLjungar-Chapelon, Anders$d-1955$917340
=100  \\$4Transcription$aBelcke, Christian Gottlieb$917341
=245  \\$aFlöjtistens vademecum/The flautists vademecum: Johann Sebastian Bach: fantasia chromatica BWV 903
=260  \\$aMalmö$bMalmö academy of music$c2016
=300  \\$a27
=942  \\$cSCO
=952  \\$00$10$40$70$8SCO$915402$aORPH$bORPH$cKTS1_P$l0$p20118006$r2021-01-12 00:00:00$w2021-01-12$ySCO
=999  \\$c15404$d15404

