=LDR  00558acm a2200181   4500
=001  15440
=005  20250120120111.0
=008  171212s1984\\\\\\\\\\\\\\\\\\\\\\0\e
=041  \\$aeng
=100  \\$4Composer$aLymburgia, Johannes de$917378
=100  \\$4Editor$aLewis, Ann$917379
=245  \\$aFour motets: the song of songs
=260  \\$aNewton Abbot$bAntico edition$c1984
=300  \\$a16
=490  \\$aAntico church music$vRCM3
=942  \\$cSCO
=952  \\$00$10$40$70$8SCO$915438$aORPH$bORPH$cKTS1_P$l0$p20117179$r2021-01-12 00:00:00$w2021-01-12$ySCO
=999  \\$c15440$d15440

