=LDR  00455acm a2200145   4500
=001  15721
=005  20250120120117.0
=008  170710s\\\\\\\\\\\\\\\\\\\\\\\\\\0\\\\
=100  \\$4Compositeur$aSchulhoff, Jules$917628
=245  \\$aGrande valse brillante pour piano (op.6 N°2)
=260  \\$aParis$bLemoine & Fils
=300  \\$a23
=942  \\$cSCO
=952  \\$00$10$40$70$8SCO$915724$aORPH$bORPH$cKTS1_P$l0$p20116886$r2021-01-12 00:00:00$w2021-01-12$ySCO
=999  \\$c15721$d15721

