=LDR  01030acm a2200229   4500
=001  15722
=005  20250120120411.0
=008  170710s\\\\\\\\\\\\\\\\\\\\\\\\\\0\\\\
=041  \\$afre
=100  \\$4cmp$aMeyerbeer, Giacomo$d1791-1864$1http://www.wikidata.org/entity/Q105237$96868
=245  \\$aGrande valse de salon sur le pardon de Ploërmel
=260  \\$aParis$bBrandus
=300  \\$a17
=534  \\$aLe pardon de Ploërmel premiered at the Opéra-Comique in Paris in 1859
=610  \0$aOpéra-Comique (Paris, France)$1http://www.wikidata.org/entity/Q872222$920953
=648  \0$a19th Century (1801-1900)$1http://www.wikidata.org/entity/Q6955$920935
=700  \\$4arr$aBurgmüller, Friedrich$d1806-1874$1http://www.wikidata.org/entity/Q62075$94841
=942  \\$cSCO
=952  \\$00$10$40$70$8SCO$915725$aORPH$bORPH$cKTS1_P$l0$p20116885$r2021-01-12 00:00:00$w2021-01-12$ySCO
=999  \\$c15722$d15722
=650  \0$aInstrumental music$1http://www.wikidata.org/entity/Q639197$92106
=650  \0$aOpera$1http://www.wikidata.org/entity/Q1344$92468

