=LDR  00839acm a2200193   4500
=001  15793
=005  20250120120150.0
=008  180323s1964\\\\\\\\\\\\\\\\\\\\\\0\mul
=041  \\$aeng$dlat$dfrm
=100  \\$4cmp$aDufay, Guillaume$d1397-1474$1http://www.wikidata.org/entity/Q207717$917673
=245  \\$aOpera omnia
=260  \\$aRome$bAmerican Institute of Musicology in Rome$c1964
=490  \\$aCorpus Mensurabilis Musicæ$v1
=648  \0$aRenaissance (1400-1600)$1http://www.wikidata.org/entity/Q4692$920965
=650  \0$aVocal music$1http://www.wikidata.org/entity/Q685884$93319
=700  \\$4edt$aBesseler, Heinrich$d1900-1969$1http://www.wikidata.org/entity/Q87832$916337
=942  \\$cSCO
=952  \\$00$10$2ddc$40$6SCO_DUFA$70$8SCO$915797$aORPH$bORPH$cKTS1_P$d2022-08-31$l0$oSCO DUFA$p20117346$r2021-01-12 00:00:00$w2021-01-12$ySCO
=999  \\$d15793

