=LDR  00486acm a2200169   4500
=001  15812
=005  20230123102445.0
=008  170829s\\\\\\\\\\\\\\\\\\\\\\\\\\0\f
=041  \\$afre
=100  \\$4Compositeur$aBourotte, L.$917688
=100  \\$4Auteur$aBénédic, C.$917689
=245  \\$aLa hache d'eustache
=260  \\$aFaubourg$bA. Fouquet
=300  \\$a2
=942  \\$cSCO
=952  \\$00$10$40$70$8SCO$915818$aORPH$bORPH$cKTS1_P$l0$p20116977$r2021-01-12 00:00:00$w2021-01-12$ySCO
=999  \\$c15812$d15812

