=LDR  00490acm a2200169   4500
=001  15933
=005  20251009081429.0
=008  190423s1990\\\\\\\\\\\\\\\\\\\\\\0\e
=020  \\$a8759805064
=041  \\$aeng
=100  \\$4cmp$aFrounberg, Ivar$917793
=245  \\$aHenri Michaux-preludes
=260  \\$aCopenhagen$bEdition Wilhelm Hansen AS$c1990
=300  \\$a11
=942  \\$cSCO
=952  \\$00$10$40$70$8SCO$915939$aORPH$bORPH$cKTS1_P$l0$p20118005$r2021-01-12 00:00:00$w2021-01-12$ySCO
=999  \\$c15933$d15933

