=LDR  00445acm a2200145   4500
=001  15961
=005  20250120120126.0
=008  180424s1850\\\\\\\\\\\\\\\\\\\\\\0\f
=041  \\$af
=100  \\$4Compositeur$aArnaud, Edmond$918019
=245  \\$al'Hirondelle d'hiver (et autres)
=260  \\$aBrussels$bLe salon Belge$c1850
=942  \\$cSCO
=952  \\$00$10$40$70$8SCO$915967$aORPH$bORPH$cKTS1_P$l0$p2013150$r2021-01-12 00:00:00$w2021-01-12$ySCO
=999  \\$c15961$d15961

