=LDR  00697acm a2200193   4500
=001  16095
=005  20250120120125.0
=008  170711s1906\\\\\\\\\\\\\\\\\\\\\\0\f
=041  \\$afre
=100  \\$4Compositeur$aErlanger, Camille$917931
=100  \\$4Compositeur$aBizet, Georges$d1838-1875$1http://www.wikidata.org/entity/Q56158$917932
=100  \\$4Auteur$aCollin, Paul$917933
=100  \\$4Auteur$aBérel, Paul$917934
=245  \\$aL'illustration: Aphrodite + Don procopio
=260  \\$bGabriel Pierné$c1906
=490  \\$aL'illustration: supplément musical$vN°4
=942  \\$cSCO
=952  \\$00$10$40$70$8SCO$916104$aORPH$bORPH$cKTS1_P$l0$p20116896$r2021-01-12 00:00:00$w2021-01-12$ySCO
=999  \\$c16095$d16095

