=LDR  00533acm a2200157   4500
=001  16096
=005  20250120120110.0
=008  170824s1903\\\\\\\\\\\\\\\\\\\\\\0\f
=041  \\$afre
=100  \\$4Compositeur$aKetterer, Eugène$d1831-1880$917290
=100  \\$4Compositeur$aSureau-Bellet, I.$917935
=245  \\$aL'illustration: Armonia + Nec fatalia
=490  \\$aL'illustration: supplément musical$vN°14
=942  \\$cSCO
=952  \\$00$10$40$70$8SCO$916105$aORPH$bORPH$cKTS1_P$l0$p20116954$r2021-01-12 00:00:00$w2021-01-12$ySCO
=999  \\$c16096$d16096

