=LDR  00528acm a2200157   4500
=001  16097
=005  20250120120125.0
=008  170824s1903\\\\\\\\\\\\\\\\\\\\\\0\f
=041  \\$afre
=100  \\$4Compositeur$aDeslandres, Adolphe$917936
=100  \\$4Compositeur$aLetang, E.$917937
=245  \\$aL'illustration: Ave Maria + Gavotte des duchesses
=490  \\$aL'illustration: supplément musical$vN°8
=942  \\$cSCO
=952  \\$00$10$40$70$8SCO$916106$aORPH$bORPH$cKTS1_P$l0$p20116949$r2021-01-12 00:00:00$w2021-01-12$ySCO
=999  \\$c16097$d16097

