=LDR  00585acm a2200169   4500
=001  16098
=005  20250930135133.0
=008  170823s1907\\\\\\\\\\\\\\\\\\\\\\0\f
=041  \\$af
=100  \\$4Compositeur$aMessager, André$917938
=100  \\$4Compositeur$aMoszkowski, Moritz$d1854-1925$917939
=245  \\$aL'illustration: Chanson de ma Mie + Près de Berceau
=260  \\$bGabriel Pierné$c1907
=490  \\$aL'illustration: supplément musical$vN°6
=942  \\$cSCO
=952  \\$00$10$40$70$8SCO$916107$aORPH$bORPH$cKTS1_P$d2021-01-12$l0$r2021-01-12 00:00:00$w2021-01-12$ySCO
=999  \\$c16098$d16098

