=LDR  00531acm a2200157   4500
=001  16099
=005  20250120120125.0
=008  170824s1903\\\\\\\\\\\\\\\\\\\\\\0\f
=041  \\$afre
=100  \\$4Compositeur$aAnthiome, Eugène$917940
=100  \\$4Compositeur$aSauer, Emil$917941
=245  \\$aL'illustration: Chant d'avril + Approche du printemps
=490  \\$aL'illustration: supplément musical$vN°7
=942  \\$cSCO
=952  \\$00$10$40$70$8SCO$916108$aORPH$bORPH$cKTS1_P$l0$p20116948$r2021-01-12 00:00:00$w2021-01-12$ySCO
=999  \\$c16099$d16099

