=LDR  00542acm a2200157   4500
=001  16100
=005  20250120120125.0
=008  170823s1907\\\\\\\\\\\\\\\\\\\\\\0\f
=041  \\$afre
=100  \\$4Compositeur$aHillemacher, Paul$d1852-1933$1http://www.wikidata.org/entity/Q2060201$917942
=245  \\$aL'illustration: Circé
=260  \\$bGabriel Pierné$c1907
=490  \\$aL'illustration: supplément musical$vN°3
=942  \\$cSCO
=952  \\$00$10$40$70$8SCO$916109$aORPH$bORPH$cKTS1_P$l0$p20116933$r2021-01-12 00:00:00$w2021-01-12$ySCO
=999  \\$c16100$d16100

