=LDR  00464acm a2200145   4500
=001  16101
=005  20230123103515.0
=008  170824s1903\\\\\\\\\\\\\\\\\\\\\\0\f
=041  \\$afre
=100  \\$4Compositeur$aAgeni, Leo d'$917943
=245  \\$aL'illustration: Crépuscule et autres
=490  \\$aL'illustration: supplément musical$vN°18
=942  \\$cSCO
=952  \\$00$10$40$70$8SCO$916110$aORPH$bORPH$cKTS1_P$l0$p20116958$r2021-01-12 00:00:00$w2021-01-12$ySCO
=999  \\$c16101$d16101

