=LDR  00592acm a2200169   4500
=001  16102
=005  20250120120125.0
=008  170823s1907\\\\\\\\\\\\\\\\\\\\\\0\f
=041  \\$afre
=100  1\$4Compositeur$aBourgault-Ducoudray, L. A.$d1840-1910$917944
=100  \\$4Compositeur$aD'Udine, Jean$917945
=245  \\$aL'illustration: Dans la lande + Les loups qui trottent
=260  \\$bGabriel Pierné$c1907
=490  \\$aL'illustration: supplément musical$vN°2
=942  \\$cSCO
=952  \\$00$10$40$70$8SCO$916111$aORPH$bORPH$cKTS1_P$l0$p20116932$r2021-01-12 00:00:00$w2021-01-12$ySCO
=999  \\$c16102$d16102

