=LDR  00559acm a2200169   4500
=001  16103
=005  20250120120022.0
=008  170824s1905\\\\\\\\\\\\\\\\\\\\\\0\f
=041  \\$afre
=100  \\$4Compositeur$aMarty, Georges$915828
=100  \\$4Compositeur$aHirchmann, Henri$915831
=245  \\$aL'illustration: Daria + La petite bohème
=260  \\$bGabriel Pierné$c1905
=490  \\$aL'illustration: supplément musical$vN°3
=942  \\$cSCO
=952  \\$00$10$40$70$8SCO$916112$aORPH$bORPH$cKTS1_P$l0$p20116967$r2021-01-12 00:00:00$w2021-01-12$ySCO
=999  \\$c16103$d16103

