=LDR  00512acm a2200157   4500
=001  16104
=005  20230123103516.0
=008  170823s1903\\\\\\\\\\\\\\\\\\\\\\0\f
=041  \\$afre
=100  \\$4Compositeur$aFabre, Gabriel$915821
=100  \\$4Compositeur$aMills, Kerry$917946
=245  \\$aL'illustration: Dimanche + Cake-walk
=490  \\$aL'illustration: supplément musical$vN°1
=942  \\$cSCO
=952  \\$00$10$40$70$8SCO$916113$aORPH$bORPH$cKTS1_P$l0$p20116942$r2021-01-12 00:00:00$w2021-01-12$ySCO
=999  \\$c16104$d16104

