=LDR  00524acm a2200157   4500
=001  16105
=005  20230123103516.0
=008  170823s1903\\\\\\\\\\\\\\\\\\\\\\0\f
=041  \\$afre
=100  \\$4Compositeur$aWachs, Paul$917947
=100  \\$4Compositeur$aDelabre, Gustave$917948
=245  \\$aL'illustration: Dormez, ninon! + Doux entretien
=490  \\$aL'illustration: supplément musical$vN°4
=942  \\$cSCO
=952  \\$00$10$40$70$8SCO$916114$aORPH$bORPH$cKTS1_P$l0$p20116945$r2021-01-12 00:00:00$w2021-01-12$ySCO
=999  \\$c16105$d16105

