=LDR  00555acm a2200169   4500
=001  16106
=005  20230123103516.0
=008  170823s1907\\\\\\\\\\\\\\\\\\\\\\0\f
=041  \\$afre
=100  \\$4Compositeur$aMessager, André$917938
=100  \\$4Compositeur$aPaladilhe, E.$917949
=245  \\$aL'illustration: Fortunio + Danse noble
=260  \\$bGabriel Pierné$c1907
=490  \\$aL'illustration: supplément musical$vN°4
=942  \\$cSCO
=952  \\$00$10$40$70$8SCO$916115$aORPH$bORPH$cKTS1_P$l0$p20116934$r2021-01-12 00:00:00$w2021-01-12$ySCO
=999  \\$c16106$d16106

