=LDR  00568acm a2200169   4500
=001  16107
=005  20250120120125.0
=008  170711s1906\\\\\\\\\\\\\\\\\\\\\\0\f
=041  \\$afre
=100  \\$4Compositeur$aBorowski, Felix$917950
=100  \\$4Compositeur$aPierné, Paul$917951
=245  \\$aL'illustration: Gavotte + Ronde populaire Vendéenne
=260  \\$bGabriel Pierné$c1906
=490  \\$aL'illustration: supplément musical$vN°5
=942  \\$cSCO
=952  \\$00$10$40$70$8SCO$916116$aORPH$bORPH$cKTS1_P$l0$p20116897$r2021-01-12 00:00:00$w2021-01-12$ySCO
=999  \\$c16107$d16107

