=LDR  00564acm a2200169   4500
=001  16108
=005  20230123103516.0
=008  170823s1907\\\\\\\\\\\\\\\\\\\\\\0\f
=041  \\$afre
=100  \\$4Compositeur$aChaminade, C.$917952
=100  \\$4Compositeur$aGanne, Louis$96358
=245  \\$aL'illustration: Immortalité + Pavane mélancholique
=260  \\$bGabriel Pierné$c1907
=490  \\$aL'illustration: supplément musical$vN°5
=942  \\$cSCO
=952  \\$00$10$40$70$8SCO$916117$aORPH$bORPH$cKTS1_P$l0$p20116935$r2021-01-12 00:00:00$w2021-01-12$ySCO
=999  \\$c16108$d16108

