=LDR  00601acm a2200169   4500
=001  16109
=005  20250120120018.0
=008  170711s1906\\\\\\\\\\\\\\\\\\\\\\0\f
=041  \\$afre
=100  \\$4Compositeur$aDumas, Louis$917953
=100  \\$4Compositeur$aFranck, César$d1822-1890$1http://www.wikidata.org/entity/Q50187$910937
=245  \\$aL'illustration: Ismaïl + Danse lente
=260  \\$bGabriel Pierné$c1906
=490  \\$aL'illustration: supplément musical$vN°6
=942  \\$cSCO
=952  \\$00$10$40$70$8SCO$916118$aORPH$bORPH$cKTS1_P$l0$p20116898$r2021-01-12 00:00:00$w2021-01-12$ySCO
=999  \\$c16109$d16109

