=LDR  00524acm a2200157   4500
=001  16110
=005  20230123103517.0
=008  170824s1903\\\\\\\\\\\\\\\\\\\\\\0\f
=041  \\$afre
=100  \\$4Compositeur$aLagonère, O. de$917955
=100  \\$4Compositeur$aGabrie-Marie$917956
=245  \\$aL'illustration: Jeunesse! + Sérénade mutine
=490  \\$aL'illustration: supplément musical$vN°13
=942  \\$cSCO
=952  \\$00$10$40$70$8SCO$916119$aORPH$bORPH$cKTS1_P$l0$p20116953$r2021-01-12 00:00:00$w2021-01-12$ySCO
=999  \\$c16110$d16110

