=LDR  00556acm a2200157   4500
=001  16111
=005  20250120120415.0
=008  170824s1905\\\\\\\\\\\\\\\\\\\\\\0\f
=041  \\$afre
=100  \\$4Compositeur$aPierné, Gabriel$d1863-1937$1http://www.wikidata.org/entity/Q433749$97100
=245  \\$aL'illustration: La croisade des enfants
=260  \\$bGabriel Pierné$c1905
=490  \\$aL'illustration: supplément musical$vN°1
=942  \\$cSCO
=952  \\$00$10$40$70$8SCO$916120$aORPH$bORPH$cKTS1_P$l0$p20116965$r2021-01-12 00:00:00$w2021-01-12$ySCO
=999  \\$c16111$d16111

