=LDR  00603acm a2200169   4500
=001  16112
=005  20250120120109.0
=008  170824s1903\\\\\\\\\\\\\\\\\\\\\\0\f
=041  \\$afre
=100  \\$4Compositeur$aLambert, Lucien$917957
=100  \\$4Compositeur$aSandré, Gustave$d1843-1916$917243
=100  \\$4Compositeur$aLetocart, H.$917958
=245  \\$aL'illustration: La flamenca + Landler + Pièce pour harmonium
=490  \\$aL'illustration: supplément musical$vN°20
=942  \\$cSCO
=952  \\$00$10$40$70$8SCO$916121$aORPH$bORPH$cKTS1_P$l0$p20116960$r2021-01-12 00:00:00$w2021-01-12$ySCO
=999  \\$c16112$d16112

