=LDR  00459acm a2200145   4500
=001  16113
=005  20230123103517.0
=008  170824s1903\\\\\\\\\\\\\\\\\\\\\\0\f
=041  \\$afre
=100  \\$4Compositeur$aChaumet, Wil.$917959
=245  \\$aL'illustration: La petite maison
=490  \\$aL'illustration: supplément musical$vN°10
=942  \\$cSCO
=952  \\$00$10$40$70$8SCO$916122$aORPH$bORPH$cKTS1_P$l0$p20116951$r2021-01-12 00:00:00$w2021-01-12$ySCO
=999  \\$c16113$d16113

