=LDR  00513acm a2200145   4500
=001  16114
=005  20250120120126.0
=008  170824s1903\\\\\\\\\\\\\\\\\\\\\\0\f
=041  \\$afre
=100  \\$4Compositeur$aPuccini, Giacomo$d1858-1924$1http://www.wikidata.org/entity/Q7311$917975
=245  \\$aL'illustration: La tosca et autres
=490  \\$aL'illustration: supplément musical$vN°19
=942  \\$cSCO
=952  \\$00$10$40$70$8SCO$916123$aORPH$bORPH$cKTS1_P$l0$p20116959$r2021-01-12 00:00:00$w2021-01-12$ySCO
=999  \\$c16114$d16114

