=LDR  00559acm a2200169   4500
=001  16115
=005  20250120120125.0
=008  170823s1907\\\\\\\\\\\\\\\\\\\\\\0\f
=041  \\$afre
=100  \\$4Compositeur$aLeroux, Xavier$917961
=100  \\$4Compositeur$aSamazeuilh, Gustave$917962
=245  \\$aL'illustration: Le chemineau + Musette
=260  \\$bGabriel Pierné$c1907
=490  \\$aL'illustration: supplément musical$vN°7
=942  \\$cSCO
=952  \\$00$10$40$70$8SCO$916124$aORPH$bORPH$cKTS1_P$l0$p20116936$r2021-01-12 00:00:00$w2021-01-12$ySCO
=999  \\$c16115$d16115

