=LDR  00625acm a2200169   4500
=001  16116
=005  20250120120402.0
=008  170824s1905\\\\\\\\\\\\\\\\\\\\\\0\f
=041  \\$afre
=100  \\$4Compositeur$aBruneau, Alfred$d1857-1934$1http://www.wikidata.org/entity/Q933351$96490
=100  \\$4Compositeur$aMessager, André$917938
=245  \\$aL'illustration: L'enfant-roi + Dragons de l'impératrice
=260  \\$bGabriel Pierné$c1905
=490  \\$aL'illustration: supplément musical$vN°2
=942  \\$cSCO
=952  \\$00$10$40$70$8SCO$916125$aORPH$bORPH$cKTS1_P$l0$p20116966$r2021-01-12 00:00:00$w2021-01-12$ySCO
=999  \\$c16116$d16116

