=LDR  00660acm a2200181   4500
=001  16117
=005  20250120120402.0
=008  170824s1903\\\\\\\\\\\\\\\\\\\\\\0\fre
=041  \\$afre
=100  \\$4cmp$aBruneau, Alfred$d1857-1934$1http://www.wikidata.org/entity/Q933351$96490
=100  \\$4cmp$aMassenet, Jules$d1842-1912$1http://www.wikidata.org/entity/Q194436$917963
=245  \\$aLe nouveau-né; Carillon
=260  \\$c1903
=490  \\$aL'Illustration : supplément musical$vN° 23
=500  \\$aExcerpts from L'Illustration
=942  \\$cSCO
=952  \\$00$10$40$70$8SCO$916126$aORPH$bORPH$cKTS1_P$l0$p20116963$r2021-01-12 00:00:00$w2021-01-12$ySCO
=999  \\$c16117$d16117

