=LDR  00545acm a2200157   4500
=001  16118
=005  20250120120125.0
=008  170824s1903\\\\\\\\\\\\\\\\\\\\\\0\f
=041  \\$afre
=100  \\$4Compositeur$aPercheron, Suzanne$917964
=100  \\$4Compositeur$aGignoux, M. E.$917965
=245  \\$aL'illustration: Les fleurs qui volent + Prélude humoristiques
=490  \\$aL'illustration: supplément musical$vN°12
=942  \\$cSCO
=952  \\$00$10$40$70$8SCO$916127$aORPH$bORPH$cKTS1_P$l0$p20116952$r2021-01-12 00:00:00$w2021-01-12$ySCO
=999  \\$c16118$d16118

