=LDR  00655acm a2200193   4500
=001  16119
=005  20250818144742.0
=008  170711s1906\\\\\\\\\\\\\\\\\\\\\\0\f
=041  \\$afre
=100  \\$4Compositeur$aBorne, Fernand Le$917966
=100  \\$4Compositeur$aBorodin, Alexander$d1833-1887$917967
=100  \\$4Auteur$aDelormeil$917968
=100  \\$4Auteur$aBerel, P.$917969
=245  \\$aL'illustration: Les girondins + Mazurka
=260  \\$bGabriel Pierné$c1906
=490  \\$aL'illustration: supplément musical$vN°3
=942  \\$cSCO
=952  \\$00$10$40$70$8SCO$916128$aORPH$bORPH$cKTS1_P$l0$p20116895$r2021-01-12 00:00:00$w2021-01-12$ySCO
=999  \\$c16119$d16119

