=LDR  00612acm a2200169   4500
=001  16120
=005  20250120120125.0
=008  170529s1905\\\\\\\\\\\\\\\\\\\\\\0\f
=041  \\$afre
=100  \\$4Compositeur$aLevadé, Charles$d1869-1948$917970
=100  \\$4Compositeur$aEymieu, Henry$917971
=245  \\$aL'illustration: Les hérétiques + Air de ballet, extrait de La legende du menetrier
=260  \\$bGabriel Pierné$c1905
=490  \\$aL'illustration: supplément musical$vN°7
=942  \\$cSCO
=952  \\$00$10$40$70$8SCO$916129$aORPH$bORPH$cKTS1_P$l0$p20116772$r2021-01-12 00:00:00$w2021-01-12$ySCO
=999  \\$c16120$d16120

