=LDR  00520acm a2200157   4500
=001  16121
=005  20250120120126.0
=008  170824s1903\\\\\\\\\\\\\\\\\\\\\\0\f
=041  \\$afre
=100  \\$4Compositeur$aPrivas, Xavier$917972
=100  \\$4Compositeur$aRoux, Gaston$917973
=245  \\$aL'illustration: Les nuages + Après l'orage
=490  \\$aL'illustration: supplément musical$vN°15
=942  \\$cSCO
=952  \\$00$10$40$70$8SCO$916130$aORPH$bORPH$cKTS1_P$l0$p20116955$r2021-01-12 00:00:00$w2021-01-12$ySCO
=999  \\$c16121$d16121

