=LDR  00513acm a2200157   4500
=001  16124
=005  20250120120126.0
=008  170824s1903\\\\\\\\\\\\\\\\\\\\\\0\f
=041  \\$afre
=100  \\$4Compositeur$aGuilhaud, Henry$917977
=100  \\$4Compositeur$aVogel, J.$917978
=245  \\$aL'illustration: Madrigal + Le papillon
=490  \\$aL'illustration: supplément musical$vN°17
=942  \\$cSCO
=952  \\$00$10$40$70$8SCO$916133$aORPH$bORPH$cKTS1_P$l0$p20116957$r2021-01-12 00:00:00$w2021-01-12$ySCO
=999  \\$c16124$d16124

