=LDR  00809acm a2200205   4500
=001  16125
=005  20250925143303.0
=008  170529s1905\\\\\\\\\\\\\\\\\\\\\\0\fre
=041  \\$afre
=100  \\$4cmp$aSamuel-Rousseau, Marcel$d1882-1955$1http://www.wikidata.org/entity/Q432256$917980
=245  \\$aMaïa$bcantate
=260  \\$aParis$bPierné$c1905
=490  \\$aL'illustration : supplément musical$v6
=648  \0$a20th Century (1901-2000)$1http://www.wikidata.org/entity/Q6927$920936
=650  \0$aCantata$1http://www.wikidata.org/entity/Q174873$921603
=651  \0$aFrance$1http://www.wikidata.org/entity/Q142$9131
=700  \\$4lbt$aBeissier, Fernand$d1858-1936$921142
=942  \\$cSCO
=952  \\$00$10$40$70$8SCO$916134$aORPH$bORPH$cKTS1_P$l0$p20116771$r2021-01-12 00:00:00$w2021-01-12$ySCO
=999  \\$c16125$d16125

