=LDR  00530acm a2200157   4500
=001  16126
=005  20250120120126.0
=008  170823s1903\\\\\\\\\\\\\\\\\\\\\\0\f
=041  \\$afre
=100  \\$4Compositeur$aLederer, Dezsö$917981
=100  \\$4Compositeur$aPerrin, Etienne$917982
=245  \\$aL'illustration: Mélodie + La patrie du petit Paul
=490  \\$aL'illustration: supplément musical$vN°5
=942  \\$cSCO
=952  \\$00$10$40$70$8SCO$916135$aORPH$bORPH$cKTS1_P$l0$p20116946$r2021-01-12 00:00:00$w2021-01-12$ySCO
=999  \\$c16126$d16126

