=LDR  00576acm a2200169   4500
=001  16127
=005  20250120120126.0
=008  170711s1905\\\\\\\\\\\\\\\\\\\\\\0\f
=041  \\$afre
=100  \\$4Compositeur$aGeorges, Alexandre$917983
=100  \\$4Auteur$aRichepin, Jean$917984
=245  \\$aL'illustration: Miarka: hymne à la rivière; hymne au soleil
=260  \\$bGabriel Pierné$c1905
=490  \\$aL'illustration: supplément musical$vN°8
=942  \\$cSCO
=952  \\$00$10$40$70$8SCO$916136$aORPH$bORPH$cKTS1_P$l0$p20116892$r2021-01-12 00:00:00$w2021-01-12$ySCO
=999  \\$c16127$d16127

