=LDR  00563acm a2200157   4500
=001  16128
=005  20250109133036.0
=008  170823s1903\\\\\\\\\\\\\\\\\\\\\\0\f
=041  \\$afre
=100  \\$4Compositeur$aMissa, Edmond$917985
=100  \\$4Compositeur$aReyer, Ernest$d1823-1909$1http://www.wikidata.org/entity/Q516937$919310
=245  \\$aL'illustration: Muguette + La statue
=490  \\$aL'illustration: supplément musical$vN°6
=942  \\$cSCO
=952  \\$00$10$40$70$8SCO$916137$aORPH$bORPH$cKTS1_P$l0$p20116947$r2021-01-12 00:00:00$w2021-01-12$ySCO
=999  \\$c16128$d16128

