=LDR  00674acm a2200169   4500
=001  16129
=005  20250120120402.0
=008  170823s1907\\\\\\\\\\\\\\\\\\\\\\0\f
=041  \\$afre
=100  \\$4Compositeur$aBruneau, Alfred$d1857-1934$1http://www.wikidata.org/entity/Q933351$96490
=100  \\$4Compositeur$aTiersot, Julien$d1857-1936$1http://www.wikidata.org/entity/Q547630$917987
=245  \\$aL'illustration: Nais micoulin + La chanson du Tisserand
=260  \\$bGabriel Pierné$c1907
=490  \\$aL'illustration: supplément musical$vN°1
=942  \\$cSCO
=952  \\$00$10$40$70$8SCO$916138$aORPH$bORPH$cKTS1_P$l0$p20116931$r2021-01-12 00:00:00$w2021-01-12$ySCO
=999  \\$c16129$d16129

