=LDR  00603acm a2200169   4500
=001  16130
=005  20250821151910.0
=008  170823s1908\\\\\\\\\\\\\\\\\\\\\\0\f
=041  \\$afre
=100  \\$4Compositeur$aLalo, Edouard$d1823-1892$1http://www.wikidata.org/entity/Q224002$939481
=100  \\$4Compositeur$aLaparra, Raoul$917988
=245  \\$aL'illustration: Namouna + La habanera
=260  \\$bGabriel Pierné$c1908
=490  \\$aL'illustration: supplément musical$vN°2
=942  \\$cSCO
=952  \\$00$10$40$70$8SCO$916139$aORPH$bORPH$cKTS1_P$l0$p20116938$r2021-01-12 00:00:00$w2021-01-12$ySCO
=999  \\$c16130$d16130

