=LDR  00678acm a2200181   4500
=001  16131
=005  20230123103522.0
=008  170823s1908\\\\\\\\\\\\\\\\\\\\\\0\f
=041  \\$afre
=100  \\$4Compositeur$aMessager, André$917938
=100  \\$4Compositeur$aFilippucci, Edm.$917989
=245  \\$aL'illustration: Pavane des fées + Rondel galant
=260  \\$bGabriel Pierné$c1908
=490  \\$aL'illustration: supplément musical$vN°4
=942  \\$cSCO
=952  \\$00$10$40$70$8SCO$916140$aORPH$bORPH$cKTS1_P$l0$p20116939$r2021-01-12 00:00:00$w2021-01-12$ySCO
=952  \\$00$10$40$70$8SCO$916141$aORPH$bORPH$cKTS1_P$l0$p20116940$r2021-01-12 00:00:00$w2021-01-12$ySCO
=999  \\$c16131$d16131

