=LDR  00564acm a2200157   4500
=001  16133
=005  20250120120415.0
=008  170823s1908\\\\\\\\\\\\\\\\\\\\\\0\f
=041  \\$afre
=100  \\$4Compositeur$aPierné, Gabriel$d1863-1937$1http://www.wikidata.org/entity/Q433749$97100
=245  \\$aL'illustration: Ramuntcho acte premier + acte V
=260  \\$bGabriel Pierné$c1908
=490  \\$aL'illustration: supplément musical$vN°1
=942  \\$cSCO
=952  \\$00$10$40$70$8SCO$916143$aORPH$bORPH$cKTS1_P$l0$p20116937$r2021-01-12 00:00:00$w2021-01-12$ySCO
=999  \\$c16133$d16133

