=LDR  00584acm a2200157   4500
=001  16134
=005  20250120120126.0
=008  170824s1903\\\\\\\\\\\\\\\\\\\\\\0\f
=041  \\$afre
=100  \\$4Compositeur$aSamuel-Rousseau, Marcel$d1882-1955$1http://www.wikidata.org/entity/Q432256$917980
=100  \\$4Compositeur$aNevin, Ethelbert$917993
=245  \\$aL'illustration: Ronde enfantine + Barchetta
=490  \\$aL'illustration: supplément musical$vN°22
=942  \\$cSCO
=952  \\$00$10$40$70$8SCO$916144$aORPH$bORPH$cKTS1_P$l0$p20116962$r2021-01-12 00:00:00$w2021-01-12$ySCO
=999  \\$c16134$d16134

