=LDR  00488acm a2200157   4500
=001  16135
=005  20250120120126.0
=008  170823s1909\\\\\\\\\\\\\\\\\\\\\\0\f
=041  \\$afre
=100  \\$4Compositeur$aLara, Isidore de$917994
=245  \\$aL'illustration: Sanga
=260  \\$bGabriel Pierné$c1909
=490  \\$aL'illustration: supplément musical$vN°1
=942  \\$cSCO
=952  \\$00$10$40$70$8SCO$916145$aORPH$bORPH$cKTS1_P$l0$p20116941$r2021-01-12 00:00:00$w2021-01-12$ySCO
=999  \\$c16135$d16135

