=LDR  00523acm a2200157   4500
=001  16136
=005  20250120120126.0
=008  170824s1903\\\\\\\\\\\\\\\\\\\\\\0\f
=041  \\$afre
=100  \\$4Compositeur$aBecque, Henry$917995
=100  \\$4Compositeur$aKöhler, Emile$917996
=245  \\$aL'illustration: Sardanapale + Impromptu-valse
=490  \\$aL'illustration: supplément musical$vN°21
=942  \\$cSCO
=952  \\$00$10$40$70$8SCO$916146$aORPH$bORPH$cKTS1_P$l0$p20116961$r2021-01-12 00:00:00$w2021-01-12$ySCO
=999  \\$c16136$d16136

