=LDR  00674acm a2200181   4500
=001  16138
=005  20250120120126.0
=008  170711s1906\\\\\\\\\\\\\\\\\\\\\\0\f
=041  \\$afre
=100  \\$4Compositeur$aLeoncavallo, Ruggiero$d1858-1919$1http://www.wikidata.org/entity/Q189015$915839
=100  \\$4Compositeur$aBanés, Antoine$917999
=100  \\$4Auteur$aCollet, E.$918000
=245  \\$aL'illustration: Sérénade française + Soir de première
=260  \\$bGabriel Pierné$c1906
=490  \\$aL'illustration: supplément musical$vN°7
=942  \\$cSCO
=952  \\$00$10$40$70$8SCO$916148$aORPH$bORPH$cKTS1_P$l0$p20116899$r2021-01-12 00:00:00$w2021-01-12$ySCO
=999  \\$c16138$d16138

