=LDR  00518acm a2200157   4500
=001  16139
=005  20250120120126.0
=008  170824s1903\\\\\\\\\\\\\\\\\\\\\\0\f
=041  \\$afre
=100  \\$4Compositeur$aVieu, Jane$918001
=100  \\$4Compositeur$aBrunel, Raoul$918002
=245  \\$aL'illustration: Sérénade japonaise + Circé
=490  \\$aL'illustration: supplément musical$vN°9
=942  \\$cSCO
=952  \\$00$10$40$70$8SCO$916149$aORPH$bORPH$cKTS1_P$l0$p20116950$r2021-01-12 00:00:00$w2021-01-12$ySCO
=999  \\$c16139$d16139

