=LDR  00610acm a2200181   4500
=001  16141
=005  20250120120126.0
=008  170711s1906\\\\\\\\\\\\\\\\\\\\\\0\f
=041  \\$afre
=100  \\$4Compositeur$aGédalge, André$918005
=100  \\$4Compositeur$aBonis, Mel$918006
=100  \\$4Auteur$aLotez, H.$918007
=245  \\$aL'illustration: Si mon amour était la rose... + Pavane
=260  \\$bGabriel Pierné$c1906
=490  \\$aL'illustration: supplément musical$vN°2
=942  \\$cSCO
=952  \\$00$10$40$70$8SCO$916151$aORPH$bORPH$cKTS1_P$l0$p20116894$r2021-01-12 00:00:00$w2021-01-12$ySCO
=999  \\$c16141$d16141

