=LDR  00909acm a2200229   4500
=001  16143
=005  20250120120125.0
=008  170824s1904\\\\\\\\\\\\\\\\\\\\\\0\f
=041  \\$afre
=100  \\$4Compositeur$aLeroux, Xavier$917961
=100  \\$4Compositeur$aSauer, Emil$917941
=100  \\$4Compositeur$aHussonmorel, V.$918010
=100  \\$4Compositeur$aDuvernoy, Alph.$918011
=100  \\$4Compositeur$aEsteban-Martu$918012
=100  \\$4Compositeur$aRabaud, Henry$918013
=100  \\$4Compositeur$aDeutsch, Henry$918014
=100  \\$4Compositeur$aSaint-Saëns, Camille$d1835-1921$1http://www.wikidata.org/entity/Q150445$97644
=245  \\$aL'illustration: Supplement musical 1904: N°1-18 (various composers)
=490  \\$aL'illustration: supplément musical$vN°1-18
=942  \\$cSCO
=952  \\$00$10$40$70$8SCO$916153$aORPH$bORPH$cKTS1_P$l0$p20116964$r2021-01-12 00:00:00$w2021-01-12$ySCO
=999  \\$c16143$d16143

