=LDR  00595acm a2200169   4500
=001  16144
=005  20250120120126.0
=008  170823s1903\\\\\\\\\\\\\\\\\\\\\\0\f
=041  \\$afre
=100  \\$4Compositeur$aHüe, Georges$918015
=100  \\$4Compositeur$aVarney, Louis$918016
=100  \\$4Compositeur$aSivry, Ch. de$918017
=245  \\$aL'illustration: Titania + Le chien du régiment + Rigaudon provençal
=490  \\$aL'illustration: supplément musical$vN°3
=942  \\$cSCO
=952  \\$00$10$40$70$8SCO$916154$aORPH$bORPH$cKTS1_P$l0$p20116944$r2021-01-12 00:00:00$w2021-01-12$ySCO
=999  \\$c16144$d16144

