=LDR  00546acm a2200157   4500
=001  16145
=005  20250120120126.0
=008  170824s1903\\\\\\\\\\\\\\\\\\\\\\0\f
=041  \\$afre
=100  \\$4Compositeur$aWaelès, Henry$918018
=100  \\$4Compositeur$aArnaud, Edmond$918019
=245  \\$aL'illustration: Trois chansons bretonnes + Petit mari - petit femme
=490  \\$aL'illustration: supplément musical$vN°16
=942  \\$cSCO
=952  \\$00$10$40$70$8SCO$916155$aORPH$bORPH$cKTS1_P$l0$p20116956$r2021-01-12 00:00:00$w2021-01-12$ySCO
=999  \\$c16145$d16145

