=LDR  00718acm a2200181   4500
=001  16146
=005  20250120120415.0
=008  170711s1906\\\\\\\\\\\\\\\\\\\\\\0\f
=041  \\$afre
=100  \\$4Compositeur$aWidor, Charles-Marie$d1844-1937$1http://www.wikidata.org/entity/Q215161$918592
=100  \\$4Compositeur$aPierné, Gabriel$d1863-1937$1http://www.wikidata.org/entity/Q433749$97100
=100  \\$4Auteur$aMatrat, E.$918021
=245  \\$aL'illustration: Valse oublié + La coupe enchantée
=260  \\$bGabriel Pierné$c1906
=490  \\$aL'illustration: supplément musical$vN°1
=942  \\$cSCO
=952  \\$00$10$40$70$8SCO$916156$aORPH$bORPH$cKTS1_P$l0$p20116893$r2021-01-12 00:00:00$w2021-01-12$ySCO
=999  \\$c16146$d16146

