=LDR  00537acm a2200157   4500
=001  16348
=005  20251009081721.0
=008  171026s\\\\\\\\\\\\\\\\\\\\\\\\\\0\e
=041  \\$aeng
=100  \\$4edt$aPage, Christopher$d1952-$1http://www.wikidata.org/entity/Q3675871$915727
=245  \\$aJerusalem: vision of peace
=260  \\$aNewton Abbot$bAntico edition
=300  \\$a38
=942  \\$cSCO
=952  \\$00$10$2ddc$40$6SCO_MISC_PAGE$70$8SCO$916364$aORPH$bORPH$cKTS1_H$l0$oSCO MISC PAGE$p20134647$r2021-01-12 00:00:00$w2021-01-12$ySCO
=999  \\$c16348$d16348

