=LDR  01077acm a2200241   4500
=001  16355
=005  20250925143303.0
=008  180917s1921\\\\\\\a\\g\\\\\\\\\\\0\dut\d
=041  \\$adut
=059  \\$av pf
=100  \\$aSpeenhoff, J. H.$d1869-1945$1http://www.wikidata.org/entity/Q2688631$4cmp$4aut$4ill$918186
=245  \\$aEerste bundel liedjes, wijzen en prentjes$bmet pianobegeleiding
=250  \\$a5de
=260  \\$aRotterdam$bW. L. & J. Brusse's uitgeversmaatschappij$c1921
=300  \\$a124 pages$bpaper bound, photos, illustrations$coblong
=500  \\$aSpeenhoff was Dutch poet, writer and cabaret artist
=648  \0$a20th Century (1901-2000)$1http://www.wikidata.org/entity/Q6927$920936
=650  \0$aSong$1http://www.wikidata.org/entity/Q7366$94164
=650  \0$aPoetry$1http://www.wikidata.org/entity/Q482$93026
=651  \0$aNetherlands$1http://www.wikidata.org/entity/Q55$9173
=942  \\$cSCO
=952  \\$00$10$2ddc$40$6KTS_1_000000000000000_H_04_036$70$8RAR$916371$aORPH$bORPH$cKTS1_H$l0$oKTS1 H.04.036$p20130146$r2021-01-12 00:00:00$w2021-01-12$yBOO
=999  \\$d16355

