=LDR  00604acm a2200181   4500
=001  16414
=005  20250120120130.0
=008  171212s1994\\\\\\\\\\\\\\\\\\\\\\0\e
=041  \\$aeng
=100  \\$4Composer$aJosquin Desprez$d1450?-1521$1http://www.wikidata.org/entity/Q143100$918229
=100  \\$4Editor$aDavison, Nigel$918230
=245  \\$aJosquin des Prez: Miserere mei, Deus
=260  \\$aBristol$bAntico edition$c1994
=300  \\$a20
=490  \\$aAntico edition$vRCM12
=942  \\$cSCO
=952  \\$00$10$40$70$8SCO$916432$aORPH$bORPH$cKTS1_P$l0$p20117176$r2021-01-12 00:00:00$w2021-01-12$ySCO
=999  \\$c16414$d16414

