=LDR  00608acm a2200181   4500
=001  16415
=005  20250120120130.0
=008  171212s1992\\\\\\\\\\\\\\\\\\\\\\0\e
=041  \\$aeng
=100  \\$4Composer$aJosquin Desprez$d1450?-1521$1http://www.wikidata.org/entity/Q143100$918229
=100  \\$4Editor$aDavison, Nigel$918230
=245  \\$aJosquin des Prez: missa de beata Virgine
=260  \\$aBristol$bAntico edition$c1992
=300  \\$a37
=490  \\$aAntico edition$vRCM18
=942  \\$cSCO
=952  \\$00$10$40$70$8SCO$916433$aORPH$bORPH$cKTS1_P$l0$p20117174$r2021-01-12 00:00:00$w2021-01-12$ySCO
=999  \\$c16415$d16415

