=LDR  00491acm a2200157   4500
=001  16617
=005  20251009081430.0
=008  140116s1992\\\\\\\\\\\\\\\\\\\\\\0\f
=041  \\$afre
=100  \\$4cmp$aGlobokar, Vinko$d1934-$1http://www.wikidata.org/entity/Q683339$916123
=245  \\$aKvadrat
=260  \\$aParis$bRicordi$c1992
=300  \\$a3
=942  \\$cSCO
=952  \\$00$10$40$70$8SCO$916638$aORPH$bORPH$cKTS1_P$g17.00$l0$p20114339$r2021-01-12 00:00:00$w2021-01-12$ySCO$VHal Leonard
=999  \\$c16617$d16617

