=LDR  00618acm a2200181   4500
=001  16771
=005  20250120115828.0
=008  180410s\\\\\\\\\\\\\\\\\\\\\\\\\\0\e
=041  \\$aeng
=100  \\$4Composer$aLotti, Antonio$d1667-1740$1http://www.wikidata.org/entity/Q168345$97232
=100  \\$4Editor$aClough-Leighter, H.$918463
=245  \\$aLotti: Crucifixus
=260  \\$aBoston, Massachusetts$bE. C. Schirmer music company$c1960 (1933)
=300  \\$a11
=490  \\$aE. C. S.$vN° 581
=942  \\$cSCO
=952  \\$00$10$40$70$8SCO$916795$aORPH$bORPH$cKTS1_P$l0$p20117368$r2021-01-12 00:00:00$w2021-01-12$ySCO
=999  \\$c16771$d16771

