=LDR  03021acm a2200313   4500
=001  16836
=005  20250120120150.0
=008  180124s1993\\\\\\\\\\\\\\\\\\\\\\0\fre
=020  \\$a2878550013
=041  \\$afre$dlat
=100  \\$aRoesner, Edward H.$4edt$916579
=245  \\$aLe Magnus Liber Organi de Notre-Dame de Paris
=260  \\$aMonaco$bÉditions de l'Oiseau-Lyre$c1993
=300  \\$a4 vols. (xcix-358+xci-332+?+? pages)
=520  \\$aMAGNUS LIBER ORGANI
Parisian Liturgical Polyphony from the 12th and 13th Centuries
7 volumes
General Editor: Edward H. Roesner
The Magnus Liber Organi was composed for the cathedral of Notre Dame, Paris, during the brilliant cultural Renaissance of the twelfth century and the first decades of the thirteenth century. The work of Leoninus and other musicians, it may be considered as the greatest single achievement in the development of early polyphony. The revision and renotation of the Great Book by Perotinus and his contemporaries were equally important; the creation of the three- and four-voice organa (the earliest known examples of music for more than two voices) is one of the most extraordinary moments in the development of Western polyphony. This new edition, undertaken by an international team of scholars working under Professor Edward H. Roesner, will present the Parisian liber organi in all its richness and diversity for the first time in a complete modern edition. Subscription to the series is open to individuals as well as institutions; each volume is also available separately.
=610  \0$aNotre-Dame de Paris (France)$1http://www.wikidata.org/entity/Q2981$921551
=648  \0$aMiddle Ages (500-1400)$1http://www.wikidata.org/entity/Q12554$920964
=650  \0$aVocal music$1http://www.wikidata.org/entity/Q685884$93319
=650  \0$aReligion$1http://www.wikidata.org/entity/Q9174$93062
=650  \0$aOrganum$1http://www.wikidata.org/entity/Q599877$921553
=650  20$aCatholicism$1http://www.wikidata.org/entity/Q1841$921631
=700  \\$4edt$aEverist, Mark$915895
=700  \\$4cmp$aLéonin$dfl. 12th century$1http://www.wikidata.org/entity/Q297501$921554
=942  \\$cSCO
=952  \\$00$10$2ddc$3vol. III: les organa à deux voix pour la messe du manuscrit de Florence, Biblioteca Medicea-Laurenziana, plut. 29.1$40$70$8SCO$916859$aORPH$bORPH$cLOC_UNK$l0$p20117203$r2021-01-12 00:00:00$w2021-01-12$ySCO
=952  \\$00$10$2ddc$3vol. II: les organa à deux voix pour l'office du manuscrit de Florence, Biblioteca Medicea-Laurenziana, plut. 29.1$40$70$8SCO$916860$aORPH$bORPH$cLOC_UNK$l0$p20117202$r2021-01-12 00:00:00$w2021-01-12$ySCO
=952  \\$00$10$2ddc$3vol. I: les quadrupla et tripla de Paris$40$70$8SCO$916861$aORPH$bORPH$cLOC_UNK$l0$p20117201$r2021-01-12 00:00:00$w2021-01-12$ySCO
=952  \\$00$10$2ddc$3vol. IV: les organa à deux voix pour la messe du manuscrit de Florence, Biblioteca Medicea-Laurenziana, plut. 29.1 $40$70$8SCO$916862$aORPH$bORPH$cLOC_UNK$l0$p20117339$r2021-01-12 00:00:00$w2021-01-12$ySCO
=999  \\$c16836$d16836

