=LDR  00600acm a2200181   4500
=001  16880
=005  20250109132725.0
=008  171213s1982\\\\\\\\\\\\\\\\\\\\\\0\e
=041  \\$aeng
=100  \\$4Composer$aPower, Leonel$d?-1445$1http://www.wikidata.org/entity/Q2711953$918564
=100  \\$4Editor$aCurtis, Gareth$917304
=245  \\$aMass: Alma redemptoris mater
=260  \\$aNewton Abbot$bAntico edition$c1982
=300  \\$a17
=490  \\$aAntico church music$vRCM1
=942  \\$cSCO
=952  \\$00$10$40$70$8SCO$916908$aORPH$bORPH$cKTS1_P$l0$p20117184$r2021-01-12 00:00:00$w2021-01-12$ySCO
=999  \\$c16880$d16880

