=LDR  00452acm a2200157   4500
=001  16963
=005  20230123103700.0
=008  170829s\\\\\\\\\\\\\\\\\\\\\\\\\\0\f
=041  \\$afre
=100  \\$4Compositeur$aBeÿens, Jean$918652
=245  \\$aMes adieux: marche militaire
=260  \\$aBrussels$bJ. B. Katto
=300  \\$a7
=942  \\$cSCO
=952  \\$00$10$40$70$8SCO$916994$aORPH$bORPH$cKTS1_P$l0$p20116975$r2021-01-12 00:00:00$w2021-01-12$ySCO
=999  \\$c16963$d16963

