=LDR  00432acm a2200133   4500
=001  17001
=005  20250109132727.0
=008  170704s\\\\\\\\\\\\\\\\\\\\\\\\\\0\\\\
=100  \\$4Compositeur$aBordèse, Luigi$918688
=245  \\$aMéthode élémentaire de chant pour voix de baryton ou basse
=300  \\$a83
=942  \\$cSCO
=952  \\$00$10$40$70$8SCO$917032$aORPH$bORPH$cKTS1_P$l0$p20116835$r2021-01-12 00:00:00$w2021-01-12$ySCO
=999  \\$c17001$d17001

