=LDR  00620acm a2200169   4500
=001  17005
=005  20230123103705.0
=008  180424s\\\\\\\\\\\\\\\\\\\\\\\\\\0\f
=041  \\$af
=100  \\$aHofmann, Carl$4cmp$918692
=245  \\$aMéthode pour harmonium ou orgue expressif
=260  \\$aParis$bAlphonse Leduc
=300  \\$a105 + 45
=520  \\$aOok in boek: 
J. Leÿbach: l'Harmonium ou l'orgue expressif: méthode complète: théorique et pratique
F. Wachs: Méthode d'orgue harmonium

=942  \\$cSCO
=952  \\$00$10$40$70$8SCO$917036$aORPH$bORPH$cKTS1_P$l0$p2013140$r2021-01-12 00:00:00$w2021-01-12$ySCO
=999  \\$c17005$d17005

