=LDR  00911acm a2200193   4500
=001  17041
=005  20250120120101.0
=008  171025s2013\\\\\\\\\\\\\\\\\\\\\\0\e
=020  \\$a9780193398207
=041  \\$aeng
=100  \\$4Composer$aGrieg, Edvard$d1843-1907$1http://www.wikidata.org/entity/Q80621$918701
=100  \\$4Composer$aFinnissy, Michael$d1946-$917116
=245  \\$aMichael Finnissy: piano quintet in B flat major (EG 118) (completion)
=260  \\$aOxford$bOxford university press$c2013
=300  \\$a46
=520  \\$aIn this work, the only published completion of Grieg's Piano Quartet in B-flat, we hear how Finnissy takes Grieg's style and weaves it together with modern expression and references to Grieg's contemporaries Lindeman, Mendelssohn, and Wagner.
=942  \\$cSCO
=952  \\$00$10$40$70$8SCO$917072$aORPH$bORPH$cKTS1_P$g29.00$l0$p20117130$r2021-01-12 00:00:00$w2021-01-12$ySCO
=999  \\$c17041$d17041

