=LDR  00581acm a2200169   4500
=001  17412
=005  20250109133032.0
=008  170829s\\\\\\\\\\\\\\\\\\\\\\\\\\0\d
=041  \\$ager
=100  \\$4Komponist$aIvanovici, J.$919056
=245  \\$aMusikalische Zwanzig Pfennig-Bibliothek no. 90: J. Ivanovici: Donau-Wellen-Walzer
=260  \\$aLeipzig$bCarl Rühle's Musikverlag
=300  \\$a13
=490  \\$aMusikalische Zwanzig Pfennig-Bibliothek$vNo. 90
=942  \\$cSCO
=952  \\$00$10$40$70$8SCO$917453$aORPH$bORPH$cKTS1_P$l0$p20116971$r2021-01-12 00:00:00$w2021-01-12$ySCO
=999  \\$c17412$d17412

