=LDR  00479acm a2200157   4500
=001  18110
=005  20230123104914.0
=008  170829s\\\\\\\\\\\\\\\\\\\\\\\\\\0\f
=041  \\$afre
=100  \\$4Compositeur$aFernandez, R.$919521
=245  \\$aPam pam! Nouvelle danse créole à la mattschiche
=260  \\$aParis$bL. E. Dotésio & Cie
=300  \\$a2
=942  \\$cSCO
=952  \\$00$10$40$70$8SCO$918162$aORPH$bORPH$cKTS1_P$l0$p20116969$r2021-01-12 00:00:00$w2021-01-12$ySCO
=999  \\$c18110$d18110

