=LDR  00451acm a2200157   4500
=001  18128
=005  20251009081430.0
=008  160128s2003\\\\\\\\\\\\\\\\\\\\\\0\\\\
=020  \\$a9790001131940
=100  \\$4cmp$aHolliger, Heinz$d1939-$919534
=245  \\$aPartita
=260  \\$bSchott$c2003
=300  \\$a43
=942  \\$cSCO
=952  \\$00$10$40$70$8SCO$918180$aORPH$bORPH$cKTS1_P$g25.00$l0$p20115872$r2021-01-12 00:00:00$w2021-01-12$ySCO$VSchott
=999  \\$c18128$d18128

