=LDR  00448acm a2200157   4500
=001  18141
=005  20230123104918.0
=008  170829s\\\\\\\\\\\\\\\\\\\\\\\\\\0\f
=041  \\$afre
=100  \\$4Compositeur$aMichaelis, Th.$919545
=245  \\$aLa patrouille turque op. 83
=260  \\$aParis$bJ. Hamelle
=300  \\$a9
=942  \\$cSCO
=952  \\$00$10$40$70$8SCO$918193$aORPH$bORPH$cKTS1_P$l0$p20116974$r2021-01-12 00:00:00$w2021-01-12$ySCO
=999  \\$c18141$d18141

