=LDR  00480acm a2200133   4500
=001  18297
=005  20250205110320.0
=008  120716s1979\\\\\\\\\\\\\\\\\\\\\\0\\\\
=100  \\$aMozart, Wolfgang Amadeus$d1756-1791$4cmp$1http://www.wikidata.org/entity/Q254$95341
=245  \\$aPiano Concerto in C minor, K. 491
=260  \\$aKilkenny$bBoethius Press$c1979
=942  \\$cSCO
=952  \\$00$10$40$70$8SCO$918351$aORPH$bORPH$cKTS1_P$l0$p20111386$r2021-01-12 00:00:00$w2021-01-12$ySCO
=999  \\$c18297$d18297

