=LDR  00553acm a2200169   4500
=001  18397
=005  20250128104548.0
=008  170704s\\\\\\\\\\\\\\\\\\\\\\\\\\0\d
=041  \\$ager
=100  \\$4Komponist$aFlotow, Friedrich von$d1812-1883$919720
=100  \\$4Komponist, anordnung$aFelix, Victor$dfl. 1876$919721
=245  \\$aPotpourri für piano solo: Flotow: Martha
=260  \\$aLeipzig$bEdition Peters
=300  \\$a7
=942  \\$cSCO
=952  \\$00$10$40$70$8SCO$918452$aORPH$bORPH$cKTS1_P$l0$p20116837$r2021-01-12 00:00:00$w2021-01-12$ySCO
=999  \\$c18397$d18397

