=LDR  00534acm a2200169   4500
=001  18425
=005  20251009081430.0
=008  190424s1958\\\\\\\\\\\\\\\\\\\\\\0\e
=020  \\$a073999659597
=041  \\$aeng
=100  \\$4cmp$aCowell, Henry$d1897-1965$1http://www.wikidata.org/entity/Q434610$919757
=245  \\$aPrelude for organ
=260  \\$aNew York$bAssociated music publisher$c1958
=300  \\$a4
=942  \\$cSCO
=952  \\$00$10$40$70$8SCO$918480$aORPH$bORPH$cKTS1_P$l0$p20118014$r2021-01-12 00:00:00$w2021-01-12$ySCO
=999  \\$c18425$d18425

