=LDR  00427acm a2200145   4500
=001  18517
=005  20230123105000.0
=008  170710s\\\\\\\\\\\\\\\\\\\\\\\\\\0\\\\
=100  \\$4cmp$aMaes, Louis$919829
=245  \\$aQuatre morceaux pour harmonium
=260  \\$aBrussels$bSchott
=300  \\$a5 pages
=942  \\$cSCO
=952  \\$00$10$40$70$8SCO$918574$aORPH$bORPH$cKTS1_P$l0$p20116879$r2021-01-12 00:00:00$w2021-01-12$ySCO
=999  \\$c18517$d18517

