=LDR  00446acm a2200145   4500
=001  18518
=005  20250109133043.0
=008  170710s\\\\\\\\\\\\\\\\\\\\\\\\\\0\\\\
=100  \\$4Compositeur$aMailly, Alphonse$919830
=245  \\$aQuatre petites pièces pour piano
=260  \\$aBrussels$bSchott frères
=300  \\$a23
=942  \\$cSCO
=952  \\$00$10$40$70$8SCO$918575$aORPH$bORPH$cKTS1_P$l0$p20116876$r2021-01-12 00:00:00$w2021-01-12$ySCO
=999  \\$c18518$d18518

