=LDR  00517acm a2200169   4500
=001  18644
=005  20230123111034.0
=008  170829s\\\\\\\\\\\\\\\\\\\\\\\\\\0\f
=041  \\$afre
=100  \\$4Compositeur$aMarny, J. De$919931
=100  \\$4Auteur$aVis, Raoul de$919932
=245  \\$aRépertoire Olga de Sivry: c'est le frisson d'amour
=260  \\$aBrussels$bJ. Tixhon
=300  \\$a2
=942  \\$cSCO
=952  \\$00$10$40$70$8SCO$918702$aORPH$bORPH$cKTS1_P$l0$p20116968$r2021-01-12 00:00:00$w2021-01-12$ySCO
=999  \\$c18644$d18644

