=LDR  00446acm a2200157   4500
=001  18680
=005  20230123102228.0
=008  170704s\\\\\\\\\\\\\\\\\\\\\\\\\\0\fre
=041  \\$afre
=100  \\$4cmp$aBroek, Jacques de$916788
=245  \\$aLe Retour de la Fauvette
=260  \\$aBrussels$bKatto
=300  \\$a5 pages
=942  \\$cSCO
=952  \\$00$10$40$70$8SCO$918738$aORPH$bORPH$cKTS1_P$l0$p20116846$r2021-01-12 00:00:00$w2021-01-12$ySCO
=999  \\$c18680$d18680

