=LDR  00449acm a2200145   4500
=001  18722
=005  20250109133045.0
=008  170522s\\\\\\\\\\\\\\\\\\\\\\\\\\0\\\\
=100  \\$4Komponist$aChaminade, C.$917952
=100  \\$4Auteur$aCoppée, François$920001
=245  \\$aRitournelle N°2
=260  \\$aParis$bEnoch & Cie
=942  \\$cSCO
=952  \\$00$10$40$70$8SCO$918781$aORPH$bORPH$cKTS1_P$l0$p20116716$r2021-01-12 00:00:00$w2021-01-12$ySCO
=999  \\$c18722$d18722

