=LDR  00456acm a2200157   4500
=001  18744
=005  20251009081430.0
=008  160128s2007\\\\\\\\\\\\\\\\\\\\\\0\\\\
=020  \\$a9790001137072
=100  \\$4cmp$aHolliger, Heinz$d1939-$919534
=245  \\$aRomancendres
=260  \\$bSchott$c2007
=300  \\$a47
=942  \\$cSCO
=952  \\$00$10$40$70$8SCO$918804$aORPH$bORPH$cKTS1_P$g32.00$l0$p20115873$r2021-01-12 00:00:00$w2021-01-12$ySCO$VSchott
=999  \\$c18744$d18744

