=LDR  00531acm a2200157   4500
=001  18951
=005  20250120120044.0
=008  180420s\\\\\\\\\\\\\\\\\\\\\\\\\\0\f
=041  \\$af
=100  \\$4Compositeur$aViotti, Giovanni Battista$d1755-1824$1http://www.wikidata.org/entity/Q313188$912430
=245  \\$aSix duos concertants pour deux violons
=260  \\$aHambourg$bJean Auguste Böhme
=300  \\$a15
=942  \\$cSCO
=952  \\$00$10$40$70$8SCO$919012$aORPH$bORPH$cKTS1_P$l0$p2013148$r2021-01-12 00:00:00$w2021-01-12$ySCO
=999  \\$c18951$d18951

