=LDR  00438acm a2200157   4500
=001  18954
=005  20250109133040.0
=008  170710b\\\\\\\\\\\\\\\\\\\\\\\\\\0\fre
=041  \\$afre
=100  \\$4cmp$aKnosp, Gaston$919528
=245  \\$aSix mélodies
=260  \\$aBrussels$bSchott
=300  \\$a19 pages
=942  \\$cSCO
=952  \\$00$10$2ddc$40$70$8SCO$919015$aORPH$bORPH$cKTS1_P$l0$p20116878$r2021-01-12 00:00:00$w2021-01-12$ySCO
=999  \\$c18954$d18954

