=LDR  00447acm a2200145   4500
=001  18955
=005  20250109133043.0
=008  170710b\\\\\\\\\\\\\\\\\\\\\\\\\\0\fre
=100  \\$aMailly, Alphonse$4cmp$919830
=245  \\$aSix morceaux caractéristiques pour harmonium
=260  \\$aBrussels$bSchott
=300  \\$a7 pages
=942  \\$cSCO
=952  \\$00$10$40$70$8SCO$919016$aORPH$bORPH$cKTS1_P$l0$p20116877$r2021-01-12 00:00:00$w2021-01-12$ySCO
=999  \\$c18955$d18955

