=LDR  00511acm a2200157   4500
=001  18978
=005  20250109133048.0
=008  170710s\\\\\\\\\\\\\\\\\\\\\\\\\\0\\\\
=100  \\$4Compositeur$aFournier, Alix$920200
=100  \\$4Auteur$aHinzelin, Emile$920201
=245  \\$aLe soir tombe: mélodie pour mezzo-sop. ou baryton
=260  \\$aParis$bPaul Dupont, éditeur
=300  \\$a4
=942  \\$cSCO
=952  \\$00$10$40$70$8SCO$919039$aORPH$bORPH$cKTS1_P$l0$p20116887$r2021-01-12 00:00:00$w2021-01-12$ySCO
=999  \\$c18978$d18978

