=LDR  00559acm a2200145   4500
=001  18989
=005  20250120120024.0
=008  140630s1969\\\\\\\\\\\\\\\\\\\\\\0\\\\
=020  \\$a9783702445744
=100  \\$aStockhausen, Karlheinz$d1928-2007$4cmp$1http://www.wikidata.org/entity/Q37546939$915865
=245  \\$aSolo: für Melodieinstrument mit Rückkopplung (1965)
=260  \\$aWien$bUniversal Edition$c1969
=942  \\$cSCO
=952  \\$00$10$40$70$8SCO$919050$aORPH$bORPH$cKTS1_P$g61.00$l0$p20114756$r2021-01-12 00:00:00$w2021-01-12$ySCO$VUniversal Edition
=999  \\$c18989$d18989

