=LDR  01133acm a2200205   4500
=001  18996
=005  20250120120323.0
=008  171206s\\\\\\\\\\\\\\\\\\\\\\\\\\0\d/e
=020  \\$a9790006524228
=041  \\$ad/e
=100  \\$4Composer$aBeethoven, Ludwig van$d1770-1827$1http://www.wikidata.org/entity/Q255$95335
=100  \\$4Editor$aDel Mar, Jonathan$916215
=245  \\$aSonatas for pianoforte and violoncello
=260  \\$aKassel$bBärenreiter$c2016 (2004)
=250  \\$a5th
=300  \\$a155
=520  \\$aAwarded with the German Music Edition Prize "Best Edition" 2005

Scholarship has advanced, new sources have come to light and the renowned Beethoven expert Jonathan Del Mar has turned his attention to the centrally important works in the cello oeuvre , the five Beethoven Sonatas for Violoncello and Piano.

Jonathan Del Mar's scholarly-critical edition not only contains the definitive music text, but also the first critical commentary to these works.
=942  \\$cSCO
=952  \\$00$10$40$70$8SCO$919057$aORPH$bORPH$cKTS1_P$g30.00$l1$m3$p20117163$q2021-09-18$r2021-03-10 00:00:00$s2021-03-10$w2021-01-12$ySCO
=999  \\$c18996$d18996

