=LDR  01052acm a2200169   4500
=001  19009
=005  20251009081722.0
=008  171026s\\\\\\\\\\\\\\\\\\\\\\\\\\0\e
=041  \\$aeng
=100  \\$4edt$aPage, Christopher$d1952-$1http://www.wikidata.org/entity/Q3675871$915727
=245  \\$aSongs of the trouvères
=260  \\$aNewton Abbot$bAntico edition
=300  \\$a28
=520  \\$aThis anthology of nineteen trouvere songs dating from the twelfth and thirteenth centuries includes six works by Gace Brul as well as songs by eight other named poet-composers and three anonymous pieces; the choice illustrates virtually the full range of trouvre song. All the compositions are monophonic and may be found useful by instrumentalists as well as singers. The music has been recorded by Gothic Voices as The Spirits of England and France, Volume II (Hyperion, CDA66773). xxiii + 28 pages.
=942  \\$cSCO
=952  \\$00$10$2ddc$40$6SCO_MISC_PAGE$70$8SCO$919070$aORPH$bORPH$cKTS1_H$l0$oSCO MISC PAGE$p20145828$r2021-01-12 00:00:00$w2021-01-12$ySCO
=999  \\$c19009$d19009

