=LDR  01261acm a2200193   4500
=001  19025
=005  20250109133048.0
=008  120106s2003\\\\\\\\\\\\\\\\\\\\\\0\e
=020  \\$a8890112603
=041  \\$aeng
=100  \\$4Editor$aRocchesso, Davide$920229
=100  \\$4Editor$aFontana, Federico$920230
=245  \\$aThe sounding object
=260  \\$bMondo Estremo Publishing$c2003
=300  \\$a399 pages
=520  \\$aDuring the last couple of decades we have been involved in a revolution: computer-based virtual, distributed, and augmented realities increasingly affect our perception of the world. Despite the abundant technological facilities, we are now faced with lack of knowledge on how to generate sounds which please a perceptual and cognitive system whose evolution developed slowly, over many thousands of years. The authors of this book are striving to find and develop principles that may open the way to get appropriate informative sounds out of future artifacts. They present novel research in perception, physics, numeral analysis, computer science, and human-machine interaction.
=942  \\$cSCO$2ddc
=952  \\$00$10$2ddc$40$6SCI_ROCC$70$8SCI$919086$aORPH$bORPH$cKM12_1$l0$oSCI ROCC$p20135438$r2021-01-12 00:00:00$w2021-01-12$ySCO
=999  \\$c19025$d19025

