=LDR  00479acm a2200157   4500
=001  19183
=005  20230123103517.0
=008  170704s\\\\\\\\\\\\\\\\\\\\\\\\\\0\f
=041  \\$afre
=100  \\$4Compositeur$aLambert, Lucien$917957
=245  \\$aLes succès du piano de Lucien Lambert: op.42: Malborough
=260  \\$aParis$bColombier
=300  \\$a13
=942  \\$cSCO
=952  \\$00$10$40$70$8SCO$919245$aORPH$bORPH$cKTS1_P$l0$p20116841$r2021-01-12 00:00:00$w2021-01-12$ySCO
=999  \\$c19183$d19183

