=LDR  00547acm a2200169   4500
=001  19184
=005  20230123111132.0
=008  170629s\\\\\\\\\\\\\\\\\\\\\\\\\\0\f
=041  \\$afre
=100  \\$4Compositeur$aGuiraud, E.$920342
=245  \\$aSuite d'orchestre en quatre parties
=260  \\$aParis$bDurand, Schoenewerk & Cie
=300  \\$a121
=520  \\$aN°1: Prélude
N°2: Intermezzo
N°3: Andante
N°4: Carnaval
=942  \\$cSCO
=952  \\$00$10$40$70$8SCO$919246$aORPH$bORPH$cKTS1_P$l0$p20116814$r2021-01-12 00:00:00$w2021-01-12$ySCO
=999  \\$c19184$d19184

