=LDR  00439acm a2200157   4500
=001  19222
=005  20230123111136.0
=008  170704s\\\\\\\\\\\\\\\\\\\\\\\\\\0\d
=041  \\$ager
=100  \\$4Komponist$aFaust, Carl$920368
=245  \\$aTänze und Märsche
=260  \\$aFrankfurt$bL. Massute
=300  \\$a5
=942  \\$cSCO
=952  \\$00$10$40$70$8SCO$919284$aORPH$bORPH$cKTS1_P$l0$p20116845$r2021-01-12 00:00:00$w2021-01-12$ySCO
=999  \\$c19222$d19222

