=LDR  00469acm a2200157   4500
=001  19226
=005  20241202101133.0
=008  170829s\\\\\\\\\\\\\\\\\\\\\\\\\\0\d
=041  \\$ager
=100  \\$4Komponist$aAal, Carl$920373
=245  \\$aTanzkranz: 16 leichte Tänze komponiert von Carl Aal
=260  \\$aKöln$bP. J. Tonger
=300  \\$a31
=942  \\$cSCO
=952  \\$00$10$40$70$8SCO$919288$aORPH$bORPH$cKTS1_P$l0$p20116978$r2021-01-12 00:00:00$w2021-01-12$ySCO
=999  \\$c19226$d19226

