=LDR  00455acm a2200157   4500
=001  19228
=005  20250818145011.0
=008  170629s\\\\\\\\\\\\\\\\\\\\\\\\\\0\f
=041  \\$afre
=100  \\$4Compositeur$aCui, César$d1835-1918$919127
=245  \\$aTarentelle
=260  \\$aParis$bDurand, Schoenewerk & Cie
=300  \\$a36
=942  \\$cSCO
=952  \\$00$10$40$70$8SCO$919290$aORPH$bORPH$cKTS1_P$l0$p20116813$r2021-01-12 00:00:00$w2021-01-12$ySCO
=999  \\$c19228$d19228

