=LDR  00805acm a2200205   4500
=001  19230
=005  20250120120058.0
=008  130416s2011\\\\\\\\\\\\\\\\\\\\\\0\eng
=041  \\$aeng$adut
=041  \\$adut
=059  \\$apf
=100  \\$aMichiels, Jan$4edt$915990
=245  \\$aTeatro dell'ascolto
=260  \\$aBrussel$bVrije Universiteit Brussel$c2011
=500  \\$aDoctoral dissertation, 2011; contains a handwritten dedication to Peter Dejans
=700  \\$4cmp$aNono, Luigi$d1924-1990$1http://www.wikidata.org/entity/Q160451$917010
=942  \\$cSCO
=952  \\$00$10$2ddc$40$6SCO_XL_MICH$70$8SCO$919292$aORPH$bORPH$cKTS1_P$d2022-05-19$l2$oSCO XL MICH$p20134746$r2024-09-16 00:00:00$s2024-06-25$w2021-01-12$ySCO
=999  \\$c19230$d19230
=650  \0$aInstrumental music$1http://www.wikidata.org/entity/Q639197$92106

