=LDR  00434acm a2200145   4500
=001  19344
=005  20251009081430.0
=008  170710s\\\\\\\\\\\\\\\\\\\\\\\\\\0\\\\
=100  \\$4cmp$aMailly, Alphonse$919830
=245  \\$aThree organ pieces (n°4-6)
=260  \\$aLondon$bAugener & cie
=300  \\$a164-180
=942  \\$cSCO
=952  \\$00$10$40$70$8SCO$919408$aORPH$bORPH$cKTS1_P$l0$p20116875$r2021-01-12 00:00:00$w2021-01-12$ySCO
=999  \\$c19344$d19344

