=LDR  00450acm a2200157   4500
=001  19429
=005  20230123091855.0
=008  170829s\\\\\\\\\\\\\\\\\\\\\\\\\\0\f
=041  \\$afre
=100  \\$4Compositeur$aGobbaerts, L.$916618
=245  \\$aTramway: galop brillant
=260  \\$aBrussels$bSchott frères
=300  \\$a7
=942  \\$cSCO
=952  \\$00$10$40$70$8SCO$919495$aORPH$bORPH$cKTS1_P$l0$p20116980$r2021-01-12 00:00:00$w2021-01-12$ySCO
=999  \\$c19429$d19429

