=LDR  00450acm a2200157   4500
=001  19551
=005  20230123111210.0
=008  170829s\\\\\\\\\\\\\\\\\\\\\\\\\\0\f
=041  \\$afre
=100  \\$4Compositeur$aAngelo, Carlo d'$920603
=245  \\$aLa valse des perles
=260  \\$aParis$bL. Digoudé-Diodet
=300  \\$a2
=942  \\$cSCO
=952  \\$00$10$40$70$8SCO$919617$aORPH$bORPH$cKTS1_P$l0$p20116979$r2021-01-12 00:00:00$w2021-01-12$ySCO
=999  \\$c19551$d19551

