=LDR  00523acm a2200169   4500
=001  19571
=005  20251009081722.0
=008  180126s1983\\\\\\\\\\\\\\\\\\\\\\0\e
=041  \\$aeng
=100  \\$4edt$aBerry, Mary$916692
=245  \\$aVeni, veni Emmanuel
=260  \\$aOrleans$bParaclete Press$c1983
=300  \\$a2
=490  \\$aSchola Gregoriana$vSeries I/2
=942  \\$cSCO
=952  \\$00$10$2ddc$40$6SCO_MISC_BERR$70$8SCO$919637$aORPH$bORPH$cKTS1_H$l0$oSCO MISC BERR$p20134583$r2021-01-12 00:00:00$w2021-01-12$ySCO
=999  \\$c19571$d19571

