=LDR  00435acm a2200133   4500
=001  19582
=005  20210413165048.0
=008  170829s\\\\\\\\\\\\\\\\\\\\\\\\\\0\f
=041  \\$afre
=245  \\$aVerzameling van partituren: Le trésor des demoiselles
=260  \\$aBrussels$bLe trésor de demoiselles$c19de eeuw
=942  \\$cSCO
=952  \\$00$10$40$70$8SCO$919650$aORPH$bORPH$cKTS1_P$l0$p20117020$r2021-01-12 00:00:00$w2021-01-12$ySCO
=999  \\$c19582$d19582

