=LDR  00488acm a2200157   4500
=001  19651
=005  20230123111220.0
=008  170704s\\\\\\\\\\\\\\\\\\\\\\\\\\0\d/f
=041  \\$ad/f
=100  \\$4aut$aPopp, William$920673
=245  \\$aVorbereitungs-Schule zum erlernen des Flötenspiels (op.359)
=260  \\$aHamburg$bVerlag von Aug. Cranz
=300  \\$a27
=942  \\$cSCO
=952  \\$00$10$40$70$8SCO$919724$aORPH$bORPH$cKTS1_P$l0$p20116840$r2021-01-12 00:00:00$w2021-01-12$ySCO
=999  \\$c19651$d19651

