=LDR  00692acm a2200169   4500
=001  19780
=005  20250820142341.0
=008  171003s1928\\\\\\\\\\\\\\\\\\\\\\0\e
=041  \\$aeng
=100  \\$4Editor$aHughes, Dom Anselm$d1889-1974$1http://www.wikidata.org/entity/Q52156660$919232
=100  \\$4Introduction$aAtkins, Ivor$cSir$d1869-1953$920756
=245  \\$aWorcester mediaeval harmony of the thirteenth and fourteenth centuries
=260  \\$aBurnham$bThe plainsong and mediaeval music society$c1928
=300  \\$a149
=942  \\$cSCO
=952  \\$00$10$2ddc$40$6SCO_MISC_HUGH$70$8SCO$919855$aORPH$bORPH$cKTS1_H$g18.50$l0$oSCO MISC HUGH$p20134522$r2021-01-12 00:00:00$w2021-01-12$ySCO
=999  \\$c19780$d19780

