=LDR  00883ncm a22002057a 4500
=001  19913
=008  210331b\\\\\\\\\\\|||||\||||\00|\0\mul\d
=041  \\$aeng$ager
=059  \\$a2gtr
=100  \\$4cmp$aLachenmann, Helmut$d1935-$1http://www.wikidata.org/entity/Q549442$916974
=245  \\$aSalut für Caudwell:$bMusik für zwei Gitarristen
=260  \\$as.l.$bBreitkopf & Härtel$cs.d.
=300  \\$axii-27 page
=534  \\$aComposed in 1977
=650  \0$aInstrumental music$1http://www.wikidata.org/entity/Q639197$92106
=700  \\$4edt$aJosel, Seth$920377
=942  \\$cSCO
=952  \\$00$10$2ddc$40$70$8SCO$919998$aORPH$bORPH$cKTS1_P$d2021-03-31$l0$p20135729$r2021-03-31 00:00:00$w2021-03-31$ySCO
=952  \\$00$10$2ddc$40$6SCO_XL_LACH$70$8SCO$920295$aORPH$bORPH$cKTS1_P$d2021-03-31$oSCO XL LACH$p20131262$r2021-06-22 00:00:00$w2021-03-31$ySCO$zRevised edition (2020)
=999  \\$c19913$d19913

