=LDR  00605ncm a22001097a 4500
=001  19992
=008  210422b\\\\\\\\\\\|||d|\||||\00|\0\\\\\d
=245  \\$a[Collection of various arias and a string quartet]
=505  \\$gAh Signor voi non vedete. Terzetto / Farinelli -- Amore vi chiedo. Duetto / Farinelli -- [Fragment from an opera] / Guglielmi -- Alla natia capanna. Aria [from Griselda] / Paër -- Quatuor / Paër
=942  \\$cSCO
=952  \\$00$10$2ddc$40$6KTS_1_000000000000000_C3_16_15D14$70$8RAR$920084$aORPH$bORPH$cKTS1_C3$d2020-07-08$eKoopman$oKTS1 C3.16 15D14$p20136300$r2021-04-22 00:00:00$w2021-04-22$yMS
=999  \\$d19992

