=LDR  01280ncm a22001457a 4500
=001  20030
=245  \\$a[Lyon Collection]
=500  \\$anote Koopman "All from Lyon"
? purchased in Lyon?
? belonging to an Institution (church, school...) in Lyon?
=500  \\$aSt. Gilles: church in Lyon? School in Lyon? 
Or referring to the Abbey of Saint-Gilles (French: Abbaye de Saint-Gilles), a monastery in Saint-Gilles, southern France?
=505  \\$aChant de la Passion : partie de Jésu - Hymnes et motets pour la fête du S. Sacrément à l'usage des chantres de la Croix, St. Gilles année 1819 - Messe dite La Recollette - Messe musicale du cinquième ton transposé, qui doit être chantée par des voix hautes et par des voix basses - Prose, pour la fête du St. SacrémentCahier contenant une messe et plusieurs motets en plain-chant musical - Messe - Chant de la Passion : partie de Jésu - Motet pour la fête Dieu tiré de la Vestale
=648  \0$a19th Century (1801-1900)$1http://www.wikidata.org/entity/Q6955$920935
=651  \0$aFrance$1http://www.wikidata.org/entity/Q142$9131
=942  \\$cSCO
=952  \\$00$10$2ddc$40$6KTS_1_000000000000000_C1_40_26E27AI$70$8RAR$920132$aORPH$bORPH$cKTS1_C1$d2020-07-08$eKoopman$oKTS1 C1.40 26E27a-i$p20136387$r2021-05-04 00:00:00$w2021-05-04$yMS
=999  \\$d20030

