=LDR  01368acm a2200289   4500
=001  20096
=008  210525n\\\\\\\\\\\||kf|\||||\00|\0\fre\d
=041  \\$afre
=059  \\$avv
=100  \\$4cmp$aDuni, Egidio$d1708-1775$1http://www.wikidata.org/entity/Q953519$95418
=245  \\$aCouplets ajoutés ala fée Urgéle
=246  \1$aCouplet ajoutés à la Fée Urgèle
=260  \\$as.l.$cs.d.
=300  \\$a5 pages
=501  \\$aBound in with 'La Fée Urgele, ou Ce qui plaît aux dames Comédie en quatre actes, en vers'
=505  \\$aDuo for Robert & Mahire -- Trio for Marton, Robert & Mahire -- Marton seule
=534  \\$aPremiered in Fontainebleau 1765
=561  \\$aEx Libris Duc de Luynes, see also 10H30
=610  \0$aChâteau de Fontainebleau (France)$1http://www.wikidata.org/entity/Q201428$920956
=648  \0$a18th Century (1701-1800)$1http://www.wikidata.org/entity/Q7015$920899
=650  \0$aOpera$1http://www.wikidata.org/entity/Q1344$92468
=651  \0$aFrance$1http://www.wikidata.org/entity/Q142$9131
=700  \\$4lbt$aFavart, Charles-Simon$d1710-1792$1http://www.wikidata.org/entity/Q981902$95423
=773  0\$tLa Fée Urgele$w20097
=942  \\$cSCO
=952  \\$00$10$2ddc$40$6KTS_1_000000000000000_C2_38_10H31$70$8RAR$920204$aORPH$bORPH$cKTS1_C2$d2020-07-08$eKoopman$oKTS1 C2.38 10H31$p20136447b$r2021-05-25 00:00:00$w2021-05-25$yMS
=999  \\$d20096

