=LDR  00854ncm a22002057a 4500
=001  20150
=040  \\$aMB
=041  \\$ager
=059  \\$avn
=100  \\$4cmp$aAlbinoni, Tomaso$d1671-1750$1http://www.wikidata.org/entity/Q174606$914336
=245  10$aSonate B-dur für Violine und Basso Continuo
=260  \\$aLeipzig$bOffizin Andersen Nexö$c1980
=300  \\$a8-[16] pages$bmusic
=336  \\$aphotocopy of a manuscript
=648  \0$a18th Century (1701-1800)$1http://www.wikidata.org/entity/Q7015$920899
=651  \0$aVenice (Italy)$1http://www.wikidata.org/entity/Q641$91
=700  \\$4cmm$aTalbot, Michael$d1943-$1http://www.wikidata.org/entity/Q1427144$914335
=942  \\$cSCO
=952  \\$00$10$2ddc$40$6SCO_ALBI1$70$8SCO$920318$aORPH$bORPH$cKTS1_P$d2020-07-08$eKoopman$i13O57$l0$oSCO ALBI1$p20126086$r2021-07-01 00:00:00$w2021-07-01$ySCO
=999  \\$c20150$d20150

