=LDR  00846ncm a22002177a 4500
=001  20151
=008  210701b\\\\\\\\\\\|||||\||||\00|\0\###\d
=040  \\$aMB
=041  \\$afre
=059  \\$avn bc
=100  \\$4cmp$aAlbinoni, Tomaso$d1671-1750$1http://www.wikidata.org/entity/Q174606$914336
=245  \\$aSonate da chiesa
=260  \\$aCourlay$bJ. M. Fuzeau$c1989
=300  \\$a14-27-[2] pages$bmusic
=336  \\$aprinted
=648  \0$a18th Century (1701-1800)$1http://www.wikidata.org/entity/Q7015$920899
=650  \0$aSonata$1http://www.wikidata.org/entity/Q131269$921653
=651  \0$aAmsterdam (Netherlands)$1http://www.wikidata.org/entity/Q727$9135
=942  \\$cSCO
=952  \\$00$10$2ddc$40$6SCO_ALBI1$70$8SCO$920319$aORPH$bORPH$cKTS1_P$d2020-07-08$eKoopman$i13D25$l0$oSCO ALBI1$p20126117$r2021-07-01 00:00:00$w2021-07-01$ySCO
=999  \\$c20151$d20151

