=LDR  00976ncm a22002297a 4500
=001  20153
=005  20250926133622.0
=008  210701b\\\\\\\\\\\|||||\||||\00|\0\###\d
=040  \\$aMB
=041  \\$afre
=059  \\$avn/fl vc hpd
=100  \\$aAbel, Carl Friedrich$d1723-1787$912066
=245  \\$aSix sonates pour le clavecin
=260  \\$aAmsterdam$bDe Monte$c1970
=300  \\$a11 pages$bmusic
=648  \0$a18th Century (1701-1800)$1http://www.wikidata.org/entity/Q7015$920899
=650  \0$aSonata$1http://www.wikidata.org/entity/Q131269$921653
=650  \0$aHarpsichord$1http://www.wikidata.org/entity/Q81982$92125
=942  \\$cSCO
=952  \\$00$10$2ddc$40$6SCO_ABEL$70$8SCO$920321$aORPH$bORPH$cKTS1_P$d2020-07-08$eKoopman$i14H06-a$l0$oSCO ABEL$p20126301$r2021-07-01 00:00:00$w2021-07-01$ySCO
=952  \\$00$10$2ddc$40$6SCO_ABEL$70$8SCO$920322$aORPH$bORPH$cKTS1_P$d2020-07-08$eKoopman$i14H06-b$l0$oSCO ABEL$p20126302$r2021-07-01 00:00:00$w2021-07-01$ySCO
=999  \\$c20153$d20153

