=LDR  00781ncm a22002057a 4500
=001  20167
=008  210702e1981\\\\\\\|||||\||||\00|\0\ita\d
=040  \\$aMB
=041  \\$aita
=100  \\$4cmp$aAntegnati, Costanzo$d1549-1624$99138
=245  \\$aL'antegnata intavolatura de' ricercari d'organo, l'arte organica
=260  \\$aItaly$bArnaldo Forni Editore$c1981
=300  \\$a49 pages$bmusic
=336  \\$anotated music
=336  \\$aprinted
=648  \0$a17th Century (1601-1700)$1http://www.wikidata.org/entity/Q7016$920923
=651  \0$aVenice (Italy)$1http://www.wikidata.org/entity/Q641$91
=942  \\$cSCO
=952  \\$00$10$2ddc$40$6SCO_ANTE$70$8SCO$920341$aORPH$bORPH$cKTS1_P$d2020-07-08$eKoopman$i13F30$l0$oSCO ANTE$p20124368$r2021-07-02 00:00:00$w2021-07-02$ySCO
=999  \\$c20167$d20167

