=LDR  01068ccm a2200253Ia 4500
=001  20172
=003  OI
=005  20250926134858.0
=008  210705b\\\\\\\\\\\|||||\||||\00|\0\###\d
=040  \\$aMB
=041  \\$ager
=100  \\$aBach, Johann Sebastian$d1685-1750$4cmp$1http://www.wikidata.org/entity/Q1339$94766
=245  10$aKritischer Bericht: Kantaten zum 1. Weihnachtstag
=260  \\$aKassel$bBärenreiter$c1957
=300  \\$a2 vols. ([viii]-235-[1]+173 pages)$bmusic
=336  \\$aprinted
=490  0\$aNeue Ausgabe sämtlicher Werke$vSerie I: Kantaten 2
=648  \0$a18th Century (1701-1800)$1http://www.wikidata.org/entity/Q7015$920899
=650  \0$aCantata$1http://www.wikidata.org/entity/Q174873$921603
=650  \0$aLute$1http://www.wikidata.org/entity/Q180733$93944
=700  \\$aDürr, Alfred$d1918-2011$4edt$1http://www.wikidata.org/entity/Q84411$910643
=942  \\$cSCO
=952  \\$00$10$2ddc$40$6SCO_BACH1$70$8SCO$920348$aORPH$bORPH$cKTS1_P$d2020-07-08$eKoopman$i29A01$l0$oSCO BACH1$p20123547$r2021-07-05 00:00:00$w2021-07-05$ySCO
=999  \\$c20172$d20172

