=LDR  01226ncm a22002657a 4500
=001  20192
=005  20250926134858.0
=008  210709e1985\\\\\\\||ld|\||||\00|\0\ger\d
=040  \\$aMB
=041  \\$ager
=100  \\$4cmp$aBach, Johann Sebastian$d1685-1750$1http://www.wikidata.org/entity/Q1339$94766
=245  \\$aKatalog der Wasserzeichen in Bachs Originalhandschriften
=260  \\$aKassel$bBärenreiter$c1985
=300  \\$a143 pages
=336  \\$aprinted
=490  \\$aNeue Ausgabe Sämtlicher Werke$vSerie IX: Addenda 1
=648  \0$a18th Century (1701-1800)$1http://www.wikidata.org/entity/Q7015$920899
=650  \0$aWatermark$1http://www.wikidata.org/entity/Q43065$92034
=650  \0$aLute$1http://www.wikidata.org/entity/Q180733$93944
=651  \0$aGermany$1http://www.wikidata.org/entity/Q183$9155
=700  \\$4edt$aKobayashi, Yoshitake$d1942-2013$99323
=942  \\$cSCO
=952  \\$00$10$2ddc$40$6SCO_BACH1$70$8SCO$920381$aORPH$bORPH$cKTS1_P$d2020-07-08$eKoopman$iW.991$l0$oSCO BACH1$p20123956$r2021-07-09 00:00:00$w2021-07-09$ySCO
=952  \\$00$10$2ddc$40$6SCO_BACH1$70$8SCO$920383$aORPH$bORPH$cKTS1_P$d2020-07-08$eKoopman$iW.991$l0$oSCO BACH1$p20123957$r2021-07-09 00:00:00$w2021-07-09$ySCO
=999  \\$c20192$d20192

