=LDR  05372 c  a2200853   4500
=001  20198
=008  210712s1771\\\\\\\||l||\||||\00|\0\eng\d
=041  \\$aeng
=100  \\$4aut$4cmp$aMiller, Edward$d1735-1807$1http://www.wikidata.org/entity/Q5344468$95140
=245  \\$aInstitutes of Music, or Easy Instructions for the Harpsichord
=260  \\$aLondon$bLongman & Broderip$c[1771]
=300  \\$a64 pages
=500  \\$aContains a list of musical publications by Longman & Broderip
=500  \\$aMissing pages: 65-69
=500  \\$aThe old binding, which has been replaced, contained two printed leaves from 1784: 'Letters from Sir George Brydges now Lord Rodney, to His Majesty's Ministers' (title-page) and 'Plan of Distribution of Prizes alluded to in Lord George Germaine's Letter'
=561  \\$aAutograph signature of Dr. Miller on title-page; acquired by Ton Koopman via Catherine Manson (London Haydn Quartet)
=563  \\$aNew binding by Cor Knops
=590  \\$aIn which every thing necessary for well grounding the Scholar; in the Rudiments of the Science, is fully treated of, in a new and familiar manner; by way of Question and Answer. To which are added easy, and pleasing Lessons for Practice; properly fingered for young beginners; by Edward Miller Music: Doctor
=648  \0$a18th Century (1701-1800)$1http://www.wikidata.org/entity/Q7015$920899
=650  \0$aMethod$1http://www.wikidata.org/entity/Q2250960$921402
=650  \0$aHarpsichord$1http://www.wikidata.org/entity/Q81982$92125
=651  \0$aUnited Kingdom$1http://www.wikidata.org/entity/Q21$9273
=653  \0$aad lib. bezetting$3fondscatalogus$020136748$w1.1E+029$928471
=653  \0$aalg. muziekleer$32-$020136748$w1.1E+029$928592
=653  \0$aappoggiatura_lengte van$317$020136748$w1.1E+029$928741
=653  \0$aArne, T.$319, 20, 56, 57$020136748$w1.1E+029$928785
=653  \0$aartikulatie$314, 15, 31, 38, 42, 43, 45, 46, 48, 50, 51, 54, 56, 57, 64$020136748$w1.1E+029$928817
=653  \0$aAvison$345, 62$020136748$w1.1E+029$928884
=653  \0$aboekprijs$3tp, fondscatalogus$020136748$w1.1E+029$929701
=653  \0$acadens$325, 39$020136748$w1.1E+029$930106
=653  \0$amuziekles$32, 3$020136748$w1.1E+029$935084
=653  \0$anotatieproblemen$312, 37, 38, 42, 54$020136748$w1.1E+029$935285
=653  \0$aCorelli$3fondscatalogus, 28$020136748$w1.1E+029$930735
=653  \0$aorgelmuziek$3fondscatalogus$020136748$w1.1E+029$935559
=653  \0$aoude muziek vroeger$3fondscatalogus$020136748$w1.1E+029$935658
=653  \0$aoverlegato$39, 10, 14, 59$020136748$w1.1E+029$935678
=653  \0$adubbelslag$316$020136748$w1.1E+029$931248
=653  \0$adynamiek$315, 29-31, 38-40, 43, 45-47, 49-51, 53-55, 57-59, 62, 63$020136748$w1.1E+029$931346
=653  \0$afermate$314$020136748$w1.1E+029$931664
=653  \0$asolmisatie$35$020136748$w1.1E+029$936344
=653  \0$aStaes$339$020136748$w1.1E+029$936491
=653  \0$atempo$310-13, 17$020136748$w1.1E+029$936814
=653  \0$atoucher$315$020136748$w1.1E+029$937044
=653  \0$atr etc.$316, 17$020136748$w1.1E+029$937051
=653  \0$atransponeren$318, 19$020136748$w1.1E+029$937072
=653  \0$aHändel, G.F.$3fondscatalogus$020136748$w1.1E+029$932536
=653  \0$ahandhouding$320$020136748$w1.1E+029$932548
=653  \0$avingerzetting$316, 20-25, 27-64$020136748$w1.1E+029$937568
=653  \0$avocale muziek$3fondscatalogus$020136748$w1.1E+029$937679
=653  \0$aRameau, J.-Ph.$328$020136748$w1.1E+029$938222
=653  \0$asiciliano$317$020136748$w1.1E+029$939098
=653  \0$amordent$316$020136748$w1.1E+029$934868
=653  \\$a4-mains$3fondscatalogus$020136748$w1.1E+029$928377
=653  \\$aBach, Johann Christian$3fondscatalogus, 58$914631$020136748$w1.1E+029
=653  \\$abovensecunde triller$316$020136748$w1.1E+029$929855
=653  \\$ahoofdnoot triller$316$020136748$w1.1E+029$932888
=653  \\$aoverdotting$312, 38$020136748$w1.1E+029$935674
=653  \\$aovergangsdynamiek$315$020136748$w1.1E+029$935677
=653  \\$atremolato$332$020136748$w1.1E+029$937094
=700  \\$4cmp$aRameau, Jean-Philippe$d1683-1764$1http://www.wikidata.org/entity/Q1145$94787
=700  \\$4cmp$aCorelli, Arcangelo$d1653-1713$1http://www.wikidata.org/entity/Q164475$95351
=700  \\$4cmp$aHandel, George Frideric$d1685-1759$1http://www.wikidata.org/entity/Q7302$94765
=700  \\$4cmp$aBurton, John$d1730-1782$96518
=700  \\$4cmp$aEdelmann, Jean-Frédéric$d1749-1794$1http://www.wikidata.org/entity/Q1684863$96544
=700  \\$4cmp$aDietz$dfl. c. 1760$921921
=700  \\$4cmp$aParadies, Pietro Domenico$d1707-1791$1http://www.wikidata.org/entity/Q2033513$96180
=700  \\$4cmp$aVanhal, Johann Baptist$d1739-1813$1http://www.wikidata.org/entity/Q450670$96546
=700  \\$4cmp$aCocchi, Gioacchino$d1715-1804$1http://www.wikidata.org/entity/Q658767$96511
=700  \\$4cmp$aAvison, Charles$d1709-1770$1http://www.wikidata.org/entity/Q1063634$94775
=700  \\$4cmp$aStaes, Ferdinand$d1748-1809$1http://www.wikidata.org/entity/Q55914222$95846
=710  \\$4cmp$aStamitz family$1http://www.wikidata.org/entity/Q1523723$922349
=942  \\$cSCO
=952  \\$00$10$2ddc$40$6KTS_1_000000000000000_C3_43_11E28$70$8RAR$920392$aORPH$bORPH$cKTS1_C3$d2021-07-12$eKoopman$l0$oKTS1 C3.43 11E28$p20136748$r2021-07-12 00:00:00$w2021-07-12$ySCO
=999  \\$d20198

