=LDR  00969ncm a22002417a 4500
=001  20206
=005  20250926134858.0
=008  210713e1979\\\\\\\||le|\||||\00|\0\ger\d
=040  \\$aMB
=041  \\$ager
=100  \\$4cmp$aBach, Johann Sebastian$d1685-1750$1http://www.wikidata.org/entity/Q1339$94766
=245  \\$aDas Wohltemperirte Clavier
=260  \\$aLeipzig$bVEB Deutscher Verlag für Musik Leipzig$c1979
=300  \\$a[xvi]-46 pages$bmusic
=336  \\$aprinted
=336  \\$anotated music
=648  \0$a18th Century (1701-1800)$1http://www.wikidata.org/entity/Q7015$920899
=650  \0$aLute$1http://www.wikidata.org/entity/Q180733$93944
=650  \0$aPiano$1http://www.wikidata.org/entity/Q5994$92127
=651  \0$aGermany$1http://www.wikidata.org/entity/Q183$9155
=942  \\$cSCO
=952  \\$00$10$2ddc$40$6SCO_BACH1$70$8SCO$920406$aORPH$bORPH$cKTS1_P$d2020-07-08$eKoopman$i14E42$l0$oSCO BACH1$p20124726$r2021-07-13 00:00:00$w2021-07-13$ySCO
=999  \\$c20206$d20206

