=LDR  01015ncm a22002417a 4500
=001  20227
=005  20251028092156.0
=008  210716e2009\\\\\\\||le|\||||\00|\0\ger\d
=020  \\$a978-3-7024-3077-1
=040  \\$aOI
=041  \\$ager$aeng$afre
=059  \\$afl ob 2hn 2cl bn tpt tbn pk hp 2vn va vc db
=100  \\$4cmp$aBach, Johann Sebastian$d1685-1750$1http://www.wikidata.org/entity/Q1339$94766
=245  \\$aFuga (2. Ricercata) a 6 voce aus "Das Musikalische Opfer" BWV 1079/5
=260  \\$aVienna$bUniversal Edition$c2009
=300  \\$a44 pages$bmusic
=648  \0$a18th Century (1701-1800)$1http://www.wikidata.org/entity/Q7015$920899
=650  \0$aLute$1http://www.wikidata.org/entity/Q180733$93944
=650  \0$aFugue$1http://www.wikidata.org/entity/Q181014$93142
=651  \0$aGermany$1http://www.wikidata.org/entity/Q183$9155
=942  \\$cSCO
=952  \\$00$10$2ddc$40$6SCO_S_BACH1$70$8SCO$920430$aORPH$bORPH$cKTS1_H$d2021-07-16$l0$oSCO S BACH1$p20134584$r2021-07-16 00:00:00$w2021-07-16$ySCO
=999  \\$d20227

