=LDR  01065ncm a22002777a 4500
=001  20229
=005  20250926134858.0
=008  210716e2016\\\\\\\l|le|\||||\00|\0\eng\d
=040  \\$aMB
=041  \\$aeng$aswe
=059  \\$afl
=100  \\$4cmp$aBach, Johann Sebastian$d1685-1750$1http://www.wikidata.org/entity/Q1339$94766
=245  \\$aFantasia Chromatica,$bBWV 903.
=260  \\$aLund$bMedia-Tryck$c2016
=300  \\$a27 pages$bmusic
=336  \\$aprinted
=336  \\$anotated music
=648  \0$a18th Century (1701-1800)$1http://www.wikidata.org/entity/Q7015$920899
=650  \0$aLute$1http://www.wikidata.org/entity/Q180733$93944
=650  \0$aFantasia$1http://www.wikidata.org/entity/Q836571$921930
=651  \0$aGermany$1http://www.wikidata.org/entity/Q183$9155
=700  \\$4edt$aLjungar-Chapelon, Anders$d-1955$917340
=700  \\$4trc$aBelcke, Christian Gottlieb$917341
=942  \\$cSCO
=952  \\$00$10$2ddc$40$6SCO_BACH1$70$8SCO$920432$aORPH$bORPH$cKTS1_P$d2021-07-16$l0$oSCO BACH1$p20134715$r2021-07-16 00:00:00$w2021-07-16$ySCO
=999  \\$c20229$d20229

