=LDR  00368ncm a22000977a 4500
=001  20319
=008  210913b\\\\\\\\||||||||\||||\00|\0\###\d
=245  \\$aHändel Anthems 1
=942  \\$cSCO
=952  \\$00$10$2ddc$40$6KTS_1_000000000000000_C1_32_07A18AD$70$8RAR$920583$aORPH$bORPH$cKTS1_C1$d2020-07-08$eKoopman$l0$oKTS1 C1.32 07A18a-d$p20137283$r2021-09-13 00:00:00$w2021-09-13$ySCO
=999  \\$d20319

