=LDR  00394ncm a22000977a 4500
=001  20448
=008  211018b\\\\\\\\||||||||\||||\00|\0\###\d
=245  \\$a[Collection for piano four hands]
=942  \\$cSCO
=952  \\$00$10$2ddc$40$6KTS_1_000000000000000_C1_39_26E08AL$70$8RAR$920771$aORPH$bORPH$cKTS1_C1$d2021-10-18$eKoopman$i26E08a-l$l0$oKTS1 C1.39 26E08a-l$p20137447$r2021-10-18 00:00:00$w2021-10-18$ySCO
=999  \\$d20448

