=LDR  03345 c  a2200325   4500
=001  20475
=005  20250923161051.0
=008  211021s1786\\\\|||||l||\||||\00|\0\fre\d
=041  \\$afre
=059  \\$ahpd
=245  \\$aAlbum de Mlle Mas
=260  \\$aParis
=336  \\$aprinted
=500  \\$aAlbum collected by Mlle Mas, who lived in Toulouse (see music sellers)
=505  \\$gSonate à 4 mains / Leopold Koželuch -- Bataille de Maringo. Pièce militaire et historique pour le forte piano avec accompagnement de violon et basse / Bernard Viguerie -- Fantaisie avec huit variations sur la ronde d'Aline et un air des maris garçons. Pour le piano-forté / Daniel Steibelt -- Amusement de toutes les saisons, ou Recueil d'airs de danses de diverses nations, turque, russe, espagnole, hongroise, allemandes [sic] et anglaise, pour forté piano avec flûte, violon et tambourin ad-libitum / Ludwig Wenzel Lachnith -- Romance d'une folie, variée pour le piano forté / Joseph Woelfl -- Marche et air de ballet d'Astianax arrangés pour la harpe ou piano / Rudolph Kreutzer arr. P. Dalvimaré -- Romance du Troubadour dans Héléna, variée pour le forté piano / Louis-Barthélémy Pradère -- Fandango, avec variations pour le piano forte op. 4 / João Domingos Bomtempo -- Polonaise de J. B. Viotti, variée pour le forté piano / Daniel Steibelt -- Ouverture du Calif de Bagdad. Arrangée pour le piano avec accompagnement de violon obligé / François-Adrien Boieldieu -- Ouverture et marche des Deux journées. Arrangées pour piano ou harpe avec accompagnement de violon / H. Jadin -- Ouverture du jeune Henri, chasse arrangée pour le forté piano par l'auteur / Étienne Nicolas Méhul -- Ouverture d'une folie … arrangée pour le piano forté avec accompagnement de violon par l'auteur / Étienne Nicolas Méhul -- Ouverture du Médecin Turc. Arrangée pour le forté piano par l'auteur / Nicolas Isouard -- 
Ouverture des Frères rivaux. Arrangée pour le forte piano / Victor Dourlen -- Ouverture du prisonnier ou La ressemblance. Arrangée pour le forté piano par l'auteur / Dominique Della Maria -- Ouverture de Lodoiska arrangée pour le forté piano
Jadin, Louis-Emmanuel: Ouverture … arrangée pour le forte-piano avec accompagnement de violon
=648  \0$a19th Century (1801-1900)$1http://www.wikidata.org/entity/Q6955$920935
=650  \0$aKeyboard music$1http://www.wikidata.org/entity/Q105715630$921412
=650  \0$aFreedom$1http://www.wikidata.org/entity/Q310735$923033
=650  \0$aHarpsichord$1http://www.wikidata.org/entity/Q81982$92125
=650  \0$aPiano$1http://www.wikidata.org/entity/Q5994$92127
=650  \0$aCollecting$1http://www.wikidata.org/entity/Q208165$92117
=650  \0$aDynamic$1http://www.wikidata.org/entity/Q113558$92847
=651  \0$aToulouse (France)$1http://www.wikidata.org/entity/Q7880$922604
=653  \0$aartikulatie$3wb$020137449$w2600000000000$928817
=773  \\$tAlbum de Mlle Mas$020475$w20475
=856  \\$uhttps://drive.google.com/drive/folders/17wUScyZON6FrUpz_UDrC8_pil5M1ucsU?usp=drive_link$3Koopman Digital
=942  \\$cSCO
=952  \\$00$10$2ddc$40$6KTS_1_000000000000000_C1_40_26E11$70$8RAR$920805$aORPH$bORPH$cKTS1_C1$d2020-07-08$eKoopman$oKTS1 C1.40 26E11$p20137449$r2021-10-21 00:00:00$w2021-10-21$ySCO
=999  \\$d20475
=533  \\$aDigitized by iGuana, Spring 2025.

