=LDR  01508acm a2200289   4500
=001  20839
=008  220517s1797\\\\|||||l||\||||\00|\0\dut\d
=041  \\$adut
=059  \\$av
=245  \\$aHet Boek der Psalmen,$bnevens de Gezangen bij de Hervormde Kerk van Nederland in gebruik;
=260  \\$aAmsterdam; Haarlem$bHengst, den; Brandt; Gravius; Linden, onder de$c1797
=300  \\$a[258] pages$bmetal locks, gilded edges.
=336  \\$aprinted
=500  \\$aIdentical to H3-114b
=501  \\$aBound in with ‘Biblia', 'Het Nieuwe Testament' and 'Christelijke Gezangen'

=590  \\$aDoor last van de hoog mog. heeren Staten Generaal der Verenigde Nederlanden, Uit drie Berijmingen, in den jare 1773 gekoren. Met de noodige daar in gemaakte veranderingen.
=648  \0$a19th Century (1801-1900)$1http://www.wikidata.org/entity/Q6955$920935
=650  \0$aPsalm$1http://www.wikidata.org/entity/Q12497663$92164
=650  \0$aSong$1http://www.wikidata.org/entity/Q7366$94164
=650  \0$aReligion$1http://www.wikidata.org/entity/Q9174$93062
=650  \0$aVocal music$1http://www.wikidata.org/entity/Q685884$93319
=650  \0$aProtestantism$1http://www.wikidata.org/entity/Q23540$921012
=651  \0$aNetherlands$1http://www.wikidata.org/entity/Q55$9173
=773  \\$020836 $tBiblia$w20836 
=942  \\$cSCO
=952  \\$00$10$2ddc$40$6KTS_1_000000000000000_C2_23_H3113C$70$921551$aORPH$bORPH$cKTS1_C2$d2022-05-18$eKoopman$l0$oKTS1 C2.23 H3-113c$p20138883c$r2022-05-18 00:00:00$w2022-05-18$ySCO
=999  \\$d20839

