=LDR  01211 c  a2200265   4500
=001  20840
=008  220517s1796\\\\|||||l||\||||\00|\0\dut\d
=041  \\$adut
=059  \\$av
=245  \\$aChristelijke Gezangen voor de openbaare Godsdienstoefeningen
=260  \\$aAmsterdam$bSeppde$c1797
=300  \\$axvi-307 pages$bmetal locks, gilded edges.
=336  \\$aprinted
=501  \\$aBound in with ‘Biblia', 'Het Nieuwe Testament' and 'Het Boek der Psalmen'

=648  \0$a18th Century (1701-1800)$1http://www.wikidata.org/entity/Q7015$920899
=650  \0$aPsalm$1http://www.wikidata.org/entity/Q12497663$92164
=650  \0$aSong$1http://www.wikidata.org/entity/Q7366$94164
=650  \0$aReligion$1http://www.wikidata.org/entity/Q9174$93062
=650  \0$aVocal music$1http://www.wikidata.org/entity/Q685884$93319
=650  \0$aProtestantism$1http://www.wikidata.org/entity/Q23540$921012
=651  \0$aNetherlands$1http://www.wikidata.org/entity/Q55$9173
=773  \\$020836 $tBiblia$w20836 
=942  \\$cSCO
=952  \\$00$10$2ddc$40$6KTS_1_000000000000000_C2_23_H3113D$70$8RAR$921552$aORPH$bORPH$cKTS1_C2$d2022-05-18$eKoopman$l0$oKTS1 C2.23 H3-113d$p20138883d$r2022-05-18 00:00:00$w2022-05-18$ySCO
=999  \\$d20840

