=LDR  00925ncm a22002177a 4500
=001  20858
=008  220531r19861717|||g||||\||||\00|\0\fre\d
=041  \\$afre
=100  \\$4aut$aCouperin, François$d1668-1733$1http://www.wikidata.org/entity/Q50186$96241
=245  \\$aL'Art de toucher le clavecin
=260  \\$aGenève$aParis$bMinkoff$c1986$c1717
=300  \\$a72 pages
=500  \\$aFacsimile
=534  \\$cParis: Foucau[l]t, 1717
=648  \0$a18th Century (1701-1800)$1http://www.wikidata.org/entity/Q7015$920899
=650  \0$aMethod$1http://www.wikidata.org/entity/Q2250960$921402
=650  \0$aHarpsichord$1http://www.wikidata.org/entity/Q81982$92125
=651  \0$aFrance$1http://www.wikidata.org/entity/Q142$9131
=942  \\$cSCO
=952  \\$00$10$2ddc$40$6INS_3_000000000000000_2C_COUP$70$8INS$921577$aORPH$bORPH$cKTS0$d2020-07-08$eKoopman$i13A37$l0$oINS3.2c COUP$p20121961$r2022-05-31 00:00:00$w2022-05-31$yBOO
=999  \\$d20858

