=LDR  01352acm a2200277   4500
=001  21390
=008  210503b\\\\\\\\\\\||l|||||||\00|\0\mul\d
=041  \\$afre$dlat
=059  \\$aSATB org
=245  \\$aCredo Quod Redemptor meus
=260  \\$as.l.$cc. 1900
=300  \\$a16 pages
=500  \\$aIn folder with several pieces of opera arias, vocal church and organ music in ms. (autograph?) collected by, copied by or dedicated to Alexandre Guilmant
=500  \\$aManuscript note "Composé pour les obsèques de Monseigneur Labude (en 8 jours)"
=505  \\$g

=533  \\$aDigitized by iGuana, Spring 2022
=561  \\$aPurchased from Landré, Amsterdam
=648  \0$a19th Century (1801-1900)$1http://www.wikidata.org/entity/Q6955$920935
=650  \0$aChoral music$1http://www.wikidata.org/entity/Q1076513$94368
=650  \0$aOrgan music$1http://www.wikidata.org/entity/Q2003283$91951
=650  \0$aChurch music$1http://www.wikidata.org/entity/Q8812109$92283
=650  \0$aReligion$1http://www.wikidata.org/entity/Q9174$93062
=700  \\$4col$4mcp$4dte$aGuilmant, Alexandre$d1837-1911$1http://www.wikidata.org/entity/Q350359$96197
=942  \\$cSCO
=952  \\$00$10$2ddc$40$6KTS_1_000000000000000_C2_58_MAP_011K$70$922506$aORPH$bORPH$cKTS1_C2$d2023-03-01$eKoopman$l0$oKTS1 C2.58 Map.011k$p20136400k$r2023-03-01 00:00:00$w2023-03-01$ySCO
=999  \\$d21390

