=LDR  01344acm a2200265   4500
=001  21406
=008  210503b\\\\\\\\\\\||le||||||\00|\0\ger\d
=041  \\$ager
=059  \\$avl org/harm
=100  \\$aGuilmant, Alexandre$d1837-1911$4cmp$1http://www.wikidata.org/entity/Q350359$96197
=245  \\$aMelodie von Guilmant$bfür Violine und Harmonium (Klavier) oder Violinihar und Orgel arrangiert von Georg Sineck
=260  \\$as.l.$cs.d.
=300  \\$a6 pages
=500  \\$aIn folder with several pieces of opera arias, vocal church and organ music in ms. (autograph?) collected by or dedicated to Alexandre Guilmant
=533  \\$aDigitized by iGuana, Spring 2022
=561  \\$aPurchased from Landré, Amsterdam
=648  \0$a19th Century (1801-1900)$1http://www.wikidata.org/entity/Q6955$920935
=650  \0$aOrgan music$1http://www.wikidata.org/entity/Q2003283$91951
=650  \0$aDuet$1http://www.wikidata.org/entity/Q109940$92394
=650  \0$aInstrumental music$1http://www.wikidata.org/entity/Q639197$92106
=650  \0$aArrangement$1http://www.wikidata.org/entity/Q379755$94282
=700  \\$4arr$aSineck, Georg$98738
=942  \\$cSCO
=952  \\$00$10$2ddc$40$6KTS_1_000000000000000_C2_58_MAP_011P$70$8RAR$922523$aORPH$bORPH$cKTS1_C2$d2023-03-06$eKoopman$l0$oKTS1 C2.58 Map.011p$p20136400p$r2023-03-06 00:00:00$w2023-03-06$ySCO
=999  \\$d21406

