=LDR  01414acm a2200277   4500
=001  21610
=008  230719s1784\\\\|||||le|\||||\00|\0\eng\d
=041  \\$aeng
=059  \\$aorg
=100  \\$aHandel, George Frideric$d1685-1759$4cmp$1http://www.wikidata.org/entity/Q7302$94765
=240  \\$aHWV 289-300, 306-311
=245  \\$aHandel's Organ Concertos
=260  \\$aLondon$bHarrison$c1784
=500  \\$aOrgan part only
=505  \\$g[First Set of] Six Concertos for the Harpsichord or Organ -- Second Set of Six Concertos for the Harpsichord or Organ -- Third Set of Six Concertos for the Harpsichord or Organ 
=561  \\$aEx libris Rev. T.P. Levett (plate) & Royal School of Church Music (stamp)
=563  \\$abrown leather cover, marbled endpapers
=648  \0$1http://www.wikidata.org/entity/Q7015$a18th Century (1701-1800)$920899
=650  \0$aInstrumental music$1http://www.wikidata.org/entity/Q639197$92106
=650  \0$aConcerto$1http://www.wikidata.org/entity/Q9748$921817
=650  \0$aOrgan$1http://www.wikidata.org/entity/Q1444$92810
=650  \0$aHarpsichord$1http://www.wikidata.org/entity/Q81982$92125
=651  \0$1http://www.wikidata.org/entity/Q84$aLondon (United Kingdom)$9123
=942  \\$cSCO
=952  \\$00$10$2ddc$40$6KTS_1_000000000000000_C3_25_03J01$70$8RAR$922863$aORPH$bORPH$cKTS1_C3$d2023-07-19$eKoopman$l0$oKTS1 C3.25 03J01$p20145606$r2023-07-19 00:00:00$w2023-07-19$ySCO
=999  \\$d21610

