=LDR  00646ncm a22001577a 4500
=001  22255
=008  240930n\\\\\\\\|||||a||\||||\00|\0\\\\\d
=059  \\$avv orch
=245  \\$a [fragment work for voices and orchestra]
=300  \\$a[4 pages]
=500  \\$ainclomplete fragment in latin for voices and orchestra
=650  \0$aVocal music$1http://www.wikidata.org/entity/Q685884$93319
=650  \0$aReligion$1http://www.wikidata.org/entity/Q9174$93062
=942  \\$cSCO
=952  \\$00$10$2ddc$40$6KTS_1_000000000000000_H_11_MAP_007D$70$8RAR$923614$aORPH$bORPH$cKTS1_H$d2024-09-30$l0$oKTS1 H.11.map.007d$p20143822d$r2024-09-30 15:50:44$w2024-09-30$ySCO
=999  \\$d22255

