=LDR  01335acm a2200277   4500
=001  22381
=005  20250926134859.0
=008  241125s1990\\\\\\\||ld|\||||\00|\0\ger\d
=041  \\$ager
=100  \\$aBach, Johann Sebastian$d1685-1750$4cmp$1http://www.wikidata.org/entity/Q1339$94766
=245  \\$aKritischer Bericht: Konzerte für zwei Cembali
=260  \\$c1990$aKassel$bBärenreiter
=300  \\$a120 pages
=490  \\$aNeue Ausgabe Sämtlicher Werke$vSerie VII: 5
=505  \\$gBWV 1060; BWV 1062; BWV 1061; BWV 1061a
=648  \0$a18th Century (1701-1800)$1http://www.wikidata.org/entity/Q7015$920899
=650  \0$aKeyboard music$1http://www.wikidata.org/entity/Q105715630$921412
=650  \0$aConcerto$1http://www.wikidata.org/entity/Q9748$921817
=650  \0$aManuscript$1http://www.wikidata.org/entity/Q87167$92275
=650  \0$aUrtext edition$1http://www.wikidata.org/entity/Q2564985$923763
=651  \0$aGermany$1http://www.wikidata.org/entity/Q183$9155
=700  \\$aHeller, Karl$c-1935$1http://www.wikidata.org/entity/Q106675800$4edt$911495
=700  \\$aSchulze, Hans-Joachim$d1934-$1http://www.wikidata.org/entity/Q92055$4edt$911725
=942  \\$cSCO
=952  \\$00$10$2ddc$40$6SCO_BACH1$70$8SCO$924123$aORPH$bORPH$cKTS1_P$d2024-11-25$eKoopman$l0$oSCO BACH1$p20143945$r2024-11-25 13:06:47$w2024-11-25$ySCO
=999  \\$d22381

