=LDR  26206ncm a22013457a 4500
=001  22440
=005  20250925143311.0
=008  250120b\\\\\\\\||||||||\||||\00|\0\###\d
=041  \\$afre
=110  \\$aL'Illustration$1http://wikidata.org/entity/Q1311350$939422
=245  \\$a[Collection of scores]$bMap 8
=500  \\$aMusical supplements to the periodical L'Illustration between 1904 and February 1909.
=505  \\$gLa Reine Fiammette / Xavier Leroux -- La Bergère / Jules Burdy -- Menuet / Emil von Sauer -- Attente / Édouard Mangin -- Mélancholie / Valéry Hussonmorel -- Balladine Simiesque / Miss Monkey -- Chanson d'amour / Alphonse Duvernoy -- La Pleureuse / Émile Pessard -- La Bourbonnaise / François Couperin -- Bonjour Pierrette / Esteban Martí -- Aux Étoiles / Luigi Denza -- La fille de Roland / Henri Rabaud -- Prélude / Émile Bouriello -- Quand vous passez / Henry Deutsch -- Sérénade / George Aitken -- Berceuse / Camille Saint-Saëns -- Pyrame et Thisbé / Édouard Trémisot -- Bouquet d'Ailes / Jeanne Descaves -- Ecoutez Ceci / Paul Wachs -- Lieder-Walzer N.2 / Edmond Laurens -- Joli mois de Mai / Julien Tiersot -- Berceuse de rêve / Paul Delmet -- Gavotte / Reinhold Bartel -- La Cabrera / Gabriel Dupont -- Le mains lasses / Paul Joseph Guillaume Hillemacher -- Alceste. Air de ballet du 2e acte / Christoph Willibald von Gluck -- Médora / Raymond Pech -- Ma Bien-Aimée / André Gedalge -- Morceau de lecture à vue / Samuel Rousseau -- Beceause Populaire / Vincent d'Indy  -- Berceuse / Georges Marty -- Armide. Air de ballet du 4e act / Christoph Willibald von Gluck -- Les Amants fidèles ou Le Cierge dans le paradis / Alfred Bruneau -- Scherzo rustique / César Cui -- Offertoire. Pour la messe de minuit / César Franck -- In Moonlight / Edward Elgar -- Le Sang de la Sirène / Georges Marty -- Menuet de la Reine / Benjamin Godard -- Passe-pied / Louis-Albert Bourgault-Ducoudra -- Noël des Roses / Jean Roger-Ducasse -- La Croisade des Enfants / Gabriel Pierné -- L'Enfant-Roi / Alfred Bruneau -- Les Dragons de l'Imperatrice / André Messager -- Daria / Georges Marty -- La Petite Bohème / Henri Hirschmann -- Siberia / Umberto Giordano -- Amica / Pietro Mascagni -- Pièce Brève / Gabriel Fauré -- L'Ame des Fleurs / Jules Massenet -- Poème languide / Alexander Scriabin -- Maia / Victor Gallois -- Les Héretiques / Charles Levadé -- Air de Ballet Extrait de La Légende du Menetrier / Henry Eymieu -- Miarka / Alexandre Georges -- Valse oubliée / Charles-Marie Widor -- La Coupe Enchantée / Gabriel Pierné -- Si mon amour était la rose... / André Gedalge -- Pavane / Mélanie Bonis -- Les Girondins. O Mon Jean / Fernand de Borne -- Chanson populaire romande / Émile Jaques-Dalcroze  -- Mazurka / Alexander Borodin -- Aphrodite / Camille Erlanger -- Don Procopio / Georges Bizet -- Gavotte / Felix Borowski -- Ronde populaire Vendéenne. "J'ai un long voyage à faire" / Paul Pierné -- Ismaïl / Louis Dumas -- Danse Lente / César Franck -- Sérénade Française. "Mon Gentil Pierrot" / Ruggero Leoncavallo -- Soir de Première / Antoine Banès -- Madame Butterfly / Giacomo Puccini -- Les Armaillis / Gustave Doret -- Nais Micoulin / Alfred Bruneau -- Chanson du Tisserand / Julien Tiersot -- Dans la Lande / Louis-Albert Bourgault-Ducoudra -- Les Loups qui trottent / Jean d'Udine -- Circé. Récit de Polites / Paul Joseph Guillaume Hillemacher -- Fortunio / André Messager -- Danse Noble / Émile Paladilhe -- Immortalité / Cécile Chaminade -- Pavane mélancolique / Louis Ganne -- Chanson de ma Mie / André Messager -- Près du Berceau / Moritz Moszkowski -- Le Chemineau / Xavier Leroux -- Musette / Gustave Samazeuilh -- Ramuntcho / Gabriel Pierné -- Namouna. Valse Lente / Edouard Lalo -- La Habanera. Prélude du Deuxième Acte / Raoul Laparra -- Snegourotchka (Fleur de Neige). Troisième Chanson de Lel / Nikolai Rimsky-Korsakov -- Boris Godounow. Les Cloches de Moscou / Modest Petrovich Mussorgsky -- Pavane des Fées / André Messager -- Rondel Galant / Edmond Filipucci -- Sanga. La Chanson du Grain / Isidore de Lara
=561  \\$aAntique books and scores from former Orpheus Instituut library (1st Floor, main building)
=648  \0$a20th Century (1901-2000)$1http://www.wikidata.org/entity/Q6927$920936
=650  \0$aPiano$1http://www.wikidata.org/entity/Q5994$1http://www.wikidata.org/entity/Q1521313$92127
=650  \0$aArrangement$1http://www.wikidata.org/entity/Q379755$94282
=650  \0$aDomestic music-making$1http://www.wikidata.org/entity/Q113967375$926204
=650  \0$aVoice$1http://www.wikidata.org/entity/Q7390$925199
=651  \0$aParis (France)$1http://www.wikidata.org/entity/Q90$9160
=942  \\$cSCO
=952  \\$00$10$2ddc$3ORP-OI1F 213-304$40$6KTS_1_000000000000000_H_11_MAP_008$70$925009$aORPH$bORPH$cKTS1_H$d2025-01-20$l0$oKTS1 H.11.map.008$p20143988$r2025-01-20 09:12:23$w2025-01-20$ySCO
=952  \\$00$10$2ddc$3ORP-OI1F213$40$6KTS_1_000000000000000_H_11_MAP_008$70$925180$aORPH$bORPH$cKTS1_H$d2025-01-20$l0$oKTS1 H.11.map.008$p20143988p1$r2025-01-20 09:12:23$w2025-01-20$ySCO$zLa Reine Fiammette - Leroux, Xavier
=952  \\$00$10$2ddc$3ORP-OI1F214$40$6KTS_1_000000000000000_H_11_MAP_008$70$925181$aORPH$bORPH$cKTS1_H$d2025-01-20$l0$oKTS1 H.11.map.008$p20143988p2$r2025-01-20 09:12:23$w2025-01-20$ySCO$zLa Bergère - Burdy, Jules
=952  \\$00$10$2ddc$3ORP-OI1F215$40$6KTS_1_000000000000000_H_11_MAP_008$70$925182$aORPH$bORPH$cKTS1_H$d2025-01-20$l0$oKTS1 H.11.map.008$p20143988p3$r2025-01-20 09:12:23$w2025-01-20$ySCO$zMenuet - Sauer, Emil von
=952  \\$00$10$2ddc$3ORP-OI1F216$40$6KTS_1_000000000000000_H_11_MAP_008$70$925183$aORPH$bORPH$cKTS1_H$d2025-01-20$l0$oKTS1 H.11.map.008$p20143988p4$r2025-01-20 09:12:23$w2025-01-20$ySCO$zAttente - Mangin, Édouard
=952  \\$00$10$2ddc$3ORP-OI1F217$40$6KTS_1_000000000000000_H_11_MAP_008$70$925184$aORPH$bORPH$cKTS1_H$d2025-01-20$l0$oKTS1 H.11.map.008$p20143988p5$r2025-01-20 09:12:23$w2025-01-20$ySCO$zMélancholie - Hussonmorel, Valéry
=952  \\$00$10$2ddc$3ORP-OI1F218$40$6KTS_1_000000000000000_H_11_MAP_008$70$925185$aORPH$bORPH$cKTS1_H$d2025-01-20$l0$oKTS1 H.11.map.008$p20143988p6$r2025-01-20 09:12:23$w2025-01-20$ySCO$zBalladine Simiesque - Monkey, Miss
=952  \\$00$10$2ddc$3ORP-OI1F219$40$6KTS_1_000000000000000_H_11_MAP_008$70$925186$aORPH$bORPH$cKTS1_H$d2025-01-20$l0$oKTS1 H.11.map.008$p20143988p7$r2025-01-20 09:12:23$w2025-01-20$ySCO$zChanson d'amour - Duvernoy, Alphonse
=952  \\$00$10$2ddc$3ORP-OI1F220$40$6KTS_1_000000000000000_H_11_MAP_008$70$925187$aORPH$bORPH$cKTS1_H$d2025-01-20$l0$oKTS1 H.11.map.008$p20143988p8$r2025-01-20 09:12:23$w2025-01-20$ySCO$zLa Pleureuse - Pessard, Émile
=952  \\$00$10$2ddc$3ORP-OI1F221$40$6KTS_1_000000000000000_H_11_MAP_008$70$925188$aORPH$bORPH$cKTS1_H$d2025-01-20$l0$oKTS1 H.11.map.008$p20143988p9$r2025-01-20 09:12:23$w2025-01-20$ySCO$zLa Bourbonnaise - Couperin, François
=952  \\$00$10$2ddc$3ORP-OI1F222$40$6KTS_1_000000000000000_H_11_MAP_008$70$925189$aORPH$bORPH$cKTS1_H$d2025-01-20$l0$oKTS1 H.11.map.008$p20143988p10$r2025-01-20 09:12:23$w2025-01-20$ySCO$zBonjour Pierrette - Martí, Esteban
=952  \\$00$10$2ddc$3ORP-OI1F223$40$6KTS_1_000000000000000_H_11_MAP_008$70$925190$aORPH$bORPH$cKTS1_H$d2025-01-20$l0$oKTS1 H.11.map.008$p20143988p11$r2025-01-20 09:12:23$w2025-01-20$ySCO$zAux Étoiles - Denza, Luigi
=952  \\$00$10$2ddc$3ORP-OI1F224$40$6KTS_1_000000000000000_H_11_MAP_008$70$925191$aORPH$bORPH$cKTS1_H$d2025-01-20$l0$oKTS1 H.11.map.008$p20143988p12$r2025-01-20 09:12:23$w2025-01-20$ySCO$zLa fille de Roland - Rabaud, Henri
=952  \\$00$10$2ddc$3ORP-OI1F225$40$6KTS_1_000000000000000_H_11_MAP_008$70$925192$aORPH$bORPH$cKTS1_H$d2025-01-20$l0$oKTS1 H.11.map.008$p20143988p13$r2025-01-20 09:12:23$w2025-01-20$ySCO$zPrélude - Bouriello, Émile
=952  \\$00$10$2ddc$3ORP-OI1F226$40$6KTS_1_000000000000000_H_11_MAP_008$70$925193$aORPH$bORPH$cKTS1_H$d2025-01-20$l0$oKTS1 H.11.map.008$p20143988p14$r2025-01-20 09:12:23$w2025-01-20$ySCO$zQuand vous passez - Deutsch, Henry
=952  \\$00$10$2ddc$3ORP-OI1F227$40$6KTS_1_000000000000000_H_11_MAP_008$70$925194$aORPH$bORPH$cKTS1_H$d2025-01-20$l0$oKTS1 H.11.map.008$p20143988p15$r2025-01-20 09:12:23$w2025-01-20$ySCO$zSérénade - Aitken, George
=952  \\$00$10$2ddc$3ORP-OI1F228$40$6KTS_1_000000000000000_H_11_MAP_008$70$925195$aORPH$bORPH$cKTS1_H$d2025-01-20$l0$oKTS1 H.11.map.008$p20143988p16$r2025-01-20 09:12:23$w2025-01-20$ySCO$zBerceuse - Saint-Saëns, Camille
=952  \\$00$10$2ddc$3ORP-OI1F229$40$6KTS_1_000000000000000_H_11_MAP_008$70$925196$aORPH$bORPH$cKTS1_H$d2025-01-20$l0$oKTS1 H.11.map.008$p20143988p17$r2025-01-20 09:12:23$w2025-01-20$ySCO$zPyrame et Thisbé - Trémisot, Édouard
=952  \\$00$10$2ddc$3ORP-OI1F230$40$6KTS_1_000000000000000_H_11_MAP_008$70$925197$aORPH$bORPH$cKTS1_H$d2025-01-20$l0$oKTS1 H.11.map.008$p20143988p18$r2025-01-20 09:12:23$w2025-01-20$ySCO$zBouquet d'Ailes - Descaves, Jeanne
=952  \\$00$10$2ddc$3ORP-OI1F231$40$6KTS_1_000000000000000_H_11_MAP_008$70$925198$aORPH$bORPH$cKTS1_H$d2025-01-20$l0$oKTS1 H.11.map.008$p20143988p19$r2025-01-20 09:12:23$w2025-01-20$ySCO$zEcoutez Ceci - Wachs, Paul
=952  \\$00$10$2ddc$3ORP-OI1F232$40$6KTS_1_000000000000000_H_11_MAP_008$70$925199$aORPH$bORPH$cKTS1_H$d2025-01-20$l0$oKTS1 H.11.map.008$p20143988p20$r2025-01-20 09:12:23$w2025-01-20$ySCO$zLieder-Walzer N.2 - Laurens, Edmond
=952  \\$00$10$2ddc$3ORP-OI1F233$40$6KTS_1_000000000000000_H_11_MAP_008$70$925200$aORPH$bORPH$cKTS1_H$d2025-01-20$l0$oKTS1 H.11.map.008$p20143988p21$r2025-01-20 09:12:23$w2025-01-20$ySCO$zJoli mois de Mai - Tiersot, Julien
=952  \\$00$10$2ddc$3ORP-OI1F234$40$6KTS_1_000000000000000_H_11_MAP_008$70$925201$aORPH$bORPH$cKTS1_H$d2025-01-20$l0$oKTS1 H.11.map.008$p20143988p22$r2025-01-20 09:12:23$w2025-01-20$ySCO$zBerceuse de rêve - Delmet, Paul
=952  \\$00$10$2ddc$3ORP-OI1F235$40$6KTS_1_000000000000000_H_11_MAP_008$70$925202$aORPH$bORPH$cKTS1_H$d2025-01-20$l0$oKTS1 H.11.map.008$p20143988p23$r2025-01-20 09:12:23$w2025-01-20$ySCO$zGavotte - Bartel, Reinhold
=952  \\$00$10$2ddc$3ORP-OI1F236$40$6KTS_1_000000000000000_H_11_MAP_008$70$925203$aORPH$bORPH$cKTS1_H$d2025-01-20$l0$oKTS1 H.11.map.008$p20143988p24$r2025-01-20 09:12:23$w2025-01-20$ySCO$zLa Cabrera - Dupont, Gabriel
=952  \\$00$10$2ddc$3ORP-OI1F237$40$6KTS_1_000000000000000_H_11_MAP_008$70$925204$aORPH$bORPH$cKTS1_H$d2025-01-20$l0$oKTS1 H.11.map.008$p20143988p25$r2025-01-20 09:12:23$w2025-01-20$ySCO$zLe mains lasses - Hillemacher, Paul Joseph  Guillaume
=952  \\$00$10$2ddc$3ORP-OI1F238$40$6KTS_1_000000000000000_H_11_MAP_008$70$925205$aORPH$bORPH$cKTS1_H$d2025-01-20$l0$oKTS1 H.11.map.008$p20143988p26$r2025-01-20 09:12:23$w2025-01-20$ySCO$zAlceste. Air de ballet du 2e acte - Gluck, Christoph Willibald  von
=952  \\$00$10$2ddc$3ORP-OI1F239$40$6KTS_1_000000000000000_H_11_MAP_008$70$925206$aORPH$bORPH$cKTS1_H$d2025-01-20$l0$oKTS1 H.11.map.008$p20143988p27$r2025-01-20 09:12:23$w2025-01-20$ySCO$zMédora - Pech, Raymond
=952  \\$00$10$2ddc$3ORP-OI1F240$40$6KTS_1_000000000000000_H_11_MAP_008$70$925207$aORPH$bORPH$cKTS1_H$d2025-01-20$l0$oKTS1 H.11.map.008$p20143988p28$r2025-01-20 09:12:23$w2025-01-20$ySCO$zMa Bien-Aimée - Gedalge, André
=952  \\$00$10$2ddc$3ORP-OI1F241$40$6KTS_1_000000000000000_H_11_MAP_008$70$925208$aORPH$bORPH$cKTS1_H$d2025-01-20$l0$oKTS1 H.11.map.008$p20143988p29$r2025-01-20 09:12:23$w2025-01-20$ySCO$zMorceau de lecture à vue - Rousseau, Samuel
=952  \\$00$10$2ddc$3ORP-OI1F242$40$6KTS_1_000000000000000_H_11_MAP_008$70$925209$aORPH$bORPH$cKTS1_H$d2025-01-20$l0$oKTS1 H.11.map.008$p20143988p30$r2025-01-20 09:12:23$w2025-01-20$ySCO$zBeceause Populaire - d'Indy, Vincent
=952  \\$00$10$2ddc$3ORP-OI1F243$40$6KTS_1_000000000000000_H_11_MAP_008$70$925210$aORPH$bORPH$cKTS1_H$d2025-01-20$l0$oKTS1 H.11.map.008$p20143988p31$r2025-01-20 09:12:23$w2025-01-20$ySCO$zBerceuse - Marty, Georges
=952  \\$00$10$2ddc$3ORP-OI1F244$40$6KTS_1_000000000000000_H_11_MAP_008$70$925211$aORPH$bORPH$cKTS1_H$d2025-01-20$l0$oKTS1 H.11.map.008$p20143988p32$r2025-01-20 09:12:23$w2025-01-20$ySCO$zArmide. Air de ballet du 4e act - Gluck, Christoph Willibald  von
=952  \\$00$10$2ddc$3ORP-OI1F245$40$6KTS_1_000000000000000_H_11_MAP_008$70$925212$aORPH$bORPH$cKTS1_H$d2025-01-20$l0$oKTS1 H.11.map.008$p20143988p33$r2025-01-20 09:12:23$w2025-01-20$ySCO$zLes Amants fidèles ou Le Cierge dans le paradis - Bruneau, Alfred
=952  \\$00$10$2ddc$3ORP-OI1F246$40$6KTS_1_000000000000000_H_11_MAP_008$70$925213$aORPH$bORPH$cKTS1_H$d2025-01-20$l0$oKTS1 H.11.map.008$p20143988p34$r2025-01-20 09:12:23$w2025-01-20$ySCO$zScherzo rustique - Cui, César
=952  \\$00$10$2ddc$3ORP-OI1F247$40$6KTS_1_000000000000000_H_11_MAP_008$70$925214$aORPH$bORPH$cKTS1_H$d2025-01-20$l0$oKTS1 H.11.map.008$p20143988p35$r2025-01-20 09:12:23$w2025-01-20$ySCO$zOffertoire. Pour la messe de minuit - Franck, César
=952  \\$00$10$2ddc$3ORP-OI1F248$40$6KTS_1_000000000000000_H_11_MAP_008$70$925215$aORPH$bORPH$cKTS1_H$d2025-01-20$l0$oKTS1 H.11.map.008$p20143988p36$r2025-01-20 09:12:23$w2025-01-20$ySCO$zIn Moonlight - Elgar, Edward
=952  \\$00$10$2ddc$3ORP-OI1F249$40$6KTS_1_000000000000000_H_11_MAP_008$70$925216$aORPH$bORPH$cKTS1_H$d2025-01-20$l0$oKTS1 H.11.map.008$p20143988p37$r2025-01-20 09:12:23$w2025-01-20$ySCO$zLe Sang de la Sirène - Marty, Georges
=952  \\$00$10$2ddc$3ORP-OI1F250$40$6KTS_1_000000000000000_H_11_MAP_008$70$925217$aORPH$bORPH$cKTS1_H$d2025-01-20$l0$oKTS1 H.11.map.008$p20143988p38$r2025-01-20 09:12:23$w2025-01-20$ySCO$zMenuet de la Reine - Godard, Benjamin
=952  \\$00$10$2ddc$3ORP-OI1F251$40$6KTS_1_000000000000000_H_11_MAP_008$70$925218$aORPH$bORPH$cKTS1_H$d2025-01-20$l0$oKTS1 H.11.map.008$p20143988p39$r2025-01-20 09:12:23$w2025-01-20$ySCO$zPasse-pied - Bourgault-Ducoudra, Louis-Albert
=952  \\$00$10$2ddc$3ORP-OI1F252$40$6KTS_1_000000000000000_H_11_MAP_008$70$925219$aORPH$bORPH$cKTS1_H$d2025-01-20$l0$oKTS1 H.11.map.008$p20143988p40$r2025-01-20 09:12:23$w2025-01-20$ySCO$zNoël des Roses - Roger-Ducasse, Jean
=952  \\$00$10$2ddc$3ORP-OI1F253$40$6KTS_1_000000000000000_H_11_MAP_008$70$925220$aORPH$bORPH$cKTS1_H$d2025-01-20$l0$oKTS1 H.11.map.008$p20143988p41$r2025-01-20 09:12:23$w2025-01-20$ySCO$zLa Croisade des Enfants - Pierné, Gabriel
=952  \\$00$10$2ddc$3ORP-OI1F254$40$6KTS_1_000000000000000_H_11_MAP_008$70$925221$aORPH$bORPH$cKTS1_H$d2025-01-20$l0$oKTS1 H.11.map.008$p20143988p42$r2025-01-20 09:12:23$w2025-01-20$ySCO$zL'Enfant-Roi - Bruneau, Alfred
=952  \\$00$10$2ddc$3ORP-OI1F255$40$6KTS_1_000000000000000_H_11_MAP_008$70$925222$aORPH$bORPH$cKTS1_H$d2025-01-20$l0$oKTS1 H.11.map.008$p20143988p43$r2025-01-20 09:12:23$w2025-01-20$ySCO$zLes Dragons de l'Imperatrice - Messager, André
=952  \\$00$10$2ddc$3ORP-OI1F256$40$6KTS_1_000000000000000_H_11_MAP_008$70$925223$aORPH$bORPH$cKTS1_H$d2025-01-20$l0$oKTS1 H.11.map.008$p20143988p44$r2025-01-20 09:12:23$w2025-01-20$ySCO$zDaria - Marty, Georges
=952  \\$00$10$2ddc$3ORP-OI1F257$40$6KTS_1_000000000000000_H_11_MAP_008$70$925224$aORPH$bORPH$cKTS1_H$d2025-01-20$l0$oKTS1 H.11.map.008$p20143988p45$r2025-01-20 09:12:23$w2025-01-20$ySCO$zLa Petite Bohème - Hirschmann, Henri
=952  \\$00$10$2ddc$3ORP-OI1F258$40$6KTS_1_000000000000000_H_11_MAP_008$70$925225$aORPH$bORPH$cKTS1_H$d2025-01-20$l0$oKTS1 H.11.map.008$p20143988p46$r2025-01-20 09:12:23$w2025-01-20$ySCO$zSiberia - Giordano, Umberto
=952  \\$00$10$2ddc$3ORP-OI1F259$40$6KTS_1_000000000000000_H_11_MAP_008$70$925226$aORPH$bORPH$cKTS1_H$d2025-01-20$l0$oKTS1 H.11.map.008$p20143988p47$r2025-01-20 09:12:23$w2025-01-20$ySCO$zAmica - Mascagni, Pietro
=952  \\$00$10$2ddc$3ORP-OI1F260$40$6KTS_1_000000000000000_H_11_MAP_008$70$925227$aORPH$bORPH$cKTS1_H$d2025-01-20$l0$oKTS1 H.11.map.008$p20143988p48$r2025-01-20 09:12:23$w2025-01-20$ySCO$zPièce Brève - Fauré, Gabriel
=952  \\$00$10$2ddc$3ORP-OI1F261$40$6KTS_1_000000000000000_H_11_MAP_008$70$925228$aORPH$bORPH$cKTS1_H$d2025-01-20$l0$oKTS1 H.11.map.008$p20143988p49$r2025-01-20 09:12:23$w2025-01-20$ySCO$zL'Ame des Fleurs - Massenet, Jules
=952  \\$00$10$2ddc$3ORP-OI1F262$40$6KTS_1_000000000000000_H_11_MAP_008$70$925229$aORPH$bORPH$cKTS1_H$d2025-01-20$l0$oKTS1 H.11.map.008$p20143988p50$r2025-01-20 09:12:23$w2025-01-20$ySCO$zPoème languide - Scriabin, Alexander
=952  \\$00$10$2ddc$3ORP-OI1F263$40$6KTS_1_000000000000000_H_11_MAP_008$70$925230$aORPH$bORPH$cKTS1_H$d2025-01-20$l0$oKTS1 H.11.map.008$p20143988p51$r2025-01-20 09:12:23$w2025-01-20$ySCO$zMaia - Gallois, Victor
=952  \\$00$10$2ddc$3ORP-OI1F264$40$6KTS_1_000000000000000_H_11_MAP_008$70$925231$aORPH$bORPH$cKTS1_H$d2025-01-20$l0$oKTS1 H.11.map.008$p20143988p52$r2025-01-20 09:12:23$w2025-01-20$ySCO$zLes Héretiques - Levadé, Charles
=952  \\$00$10$2ddc$3ORP-OI1F265$40$6KTS_1_000000000000000_H_11_MAP_008$70$925232$aORPH$bORPH$cKTS1_H$d2025-01-20$l0$oKTS1 H.11.map.008$p20143988p53$r2025-01-20 09:12:23$w2025-01-20$ySCO$zAir de Ballet Extrait de La Légende du Menetrier - Eymieu, Henry
=952  \\$00$10$2ddc$3ORP-OI1F266$40$6KTS_1_000000000000000_H_11_MAP_008$70$925233$aORPH$bORPH$cKTS1_H$d2025-01-20$l0$oKTS1 H.11.map.008$p20143988p54$r2025-01-20 09:12:23$w2025-01-20$ySCO$zMiarka - Georges, Alexandre
=952  \\$00$10$2ddc$3ORP-OI1F267$40$6KTS_1_000000000000000_H_11_MAP_008$70$925234$aORPH$bORPH$cKTS1_H$d2025-01-20$l0$oKTS1 H.11.map.008$p20143988p55$r2025-01-20 09:12:23$w2025-01-20$ySCO$zValse oubliée - Widor, Charles-Marie
=952  \\$00$10$2ddc$3ORP-OI1F268$40$6KTS_1_000000000000000_H_11_MAP_008$70$925235$aORPH$bORPH$cKTS1_H$d2025-01-20$l0$oKTS1 H.11.map.008$p20143988p56$r2025-01-20 09:12:23$w2025-01-20$ySCO$zLa Coupe Enchantée - Pierné, Gabriel
=952  \\$00$10$2ddc$3ORP-OI1F269$40$6KTS_1_000000000000000_H_11_MAP_008$70$925236$aORPH$bORPH$cKTS1_H$d2025-01-20$l0$oKTS1 H.11.map.008$p20143988p57$r2025-01-20 09:12:23$w2025-01-20$ySCO$zSi mon amour était la rose... - Gedalge, André
=952  \\$00$10$2ddc$3ORP-OI1F270$40$6KTS_1_000000000000000_H_11_MAP_008$70$925237$aORPH$bORPH$cKTS1_H$d2025-01-20$l0$oKTS1 H.11.map.008$p20143988p58$r2025-01-20 09:12:23$w2025-01-20$ySCO$zPavane - Bonis, Mélanie
=952  \\$00$10$2ddc$3ORP-OI1F271$40$6KTS_1_000000000000000_H_11_MAP_008$70$925238$aORPH$bORPH$cKTS1_H$d2025-01-20$l0$oKTS1 H.11.map.008$p20143988p59$r2025-01-20 09:12:23$w2025-01-20$ySCO$zLes Girondins. O Mon Jean - Borne, Fernand de
=952  \\$00$10$2ddc$3ORP-OI1F272$40$6KTS_1_000000000000000_H_11_MAP_008$70$925239$aORPH$bORPH$cKTS1_H$d2025-01-20$l0$oKTS1 H.11.map.008$p20143988p60$r2025-01-20 09:12:23$w2025-01-20$ySCO$z#N/A
=952  \\$00$10$2ddc$3ORP-OI1F273$40$6KTS_1_000000000000000_H_11_MAP_008$70$925240$aORPH$bORPH$cKTS1_H$d2025-01-20$l0$oKTS1 H.11.map.008$p20143988p61$r2025-01-20 09:12:23$w2025-01-20$ySCO$zMazurka - Borodin, Alexander
=952  \\$00$10$2ddc$3ORP-OI1F274$40$6KTS_1_000000000000000_H_11_MAP_008$70$925241$aORPH$bORPH$cKTS1_H$d2025-01-20$l0$oKTS1 H.11.map.008$p20143988p62$r2025-01-20 09:12:23$w2025-01-20$ySCO$zAphrodite - Erlanger, Camille
=952  \\$00$10$2ddc$3ORP-OI1F275$40$6KTS_1_000000000000000_H_11_MAP_008$70$925242$aORPH$bORPH$cKTS1_H$d2025-01-20$l0$oKTS1 H.11.map.008$p20143988p63$r2025-01-20 09:12:23$w2025-01-20$ySCO$zDon Procopio - Bizet, Georges
=952  \\$00$10$2ddc$3ORP-OI1F276$40$6KTS_1_000000000000000_H_11_MAP_008$70$925243$aORPH$bORPH$cKTS1_H$d2025-01-20$l0$oKTS1 H.11.map.008$p20143988p64$r2025-01-20 09:12:23$w2025-01-20$ySCO$zGavotte - Borowski, Felix
=952  \\$00$10$2ddc$3ORP-OI1F277$40$6KTS_1_000000000000000_H_11_MAP_008$70$925244$aORPH$bORPH$cKTS1_H$d2025-01-20$l0$oKTS1 H.11.map.008$p20143988p65$r2025-01-20 09:12:23$w2025-01-20$ySCO$zRonde populaire Vendéenne. "J'ai un long voyage à faire" - Pierné, Paul
=952  \\$00$10$2ddc$3ORP-OI1F278$40$6KTS_1_000000000000000_H_11_MAP_008$70$925245$aORPH$bORPH$cKTS1_H$d2025-01-20$l0$oKTS1 H.11.map.008$p20143988p66$r2025-01-20 09:12:23$w2025-01-20$ySCO$zIsmaïl - Dumas, Louis
=952  \\$00$10$2ddc$3ORP-OI1F279$40$6KTS_1_000000000000000_H_11_MAP_008$70$925246$aORPH$bORPH$cKTS1_H$d2025-01-20$l0$oKTS1 H.11.map.008$p20143988p67$r2025-01-20 09:12:23$w2025-01-20$ySCO$zDanse Lente - Franck, César
=952  \\$00$10$2ddc$3ORP-OI1F280$40$6KTS_1_000000000000000_H_11_MAP_008$70$925247$aORPH$bORPH$cKTS1_H$d2025-01-20$l0$oKTS1 H.11.map.008$p20143988p68$r2025-01-20 09:12:23$w2025-01-20$ySCO$zSérénade Française. "Mon Gentil Pierrot" - Leoncavallo, Ruggero
=952  \\$00$10$2ddc$3ORP-OI1F281$40$6KTS_1_000000000000000_H_11_MAP_008$70$925248$aORPH$bORPH$cKTS1_H$d2025-01-20$l0$oKTS1 H.11.map.008$p20143988p69$r2025-01-20 09:12:23$w2025-01-20$ySCO$zSoir de Première - Banès, Antoine
=952  \\$00$10$2ddc$3ORP-OI1F282$40$6KTS_1_000000000000000_H_11_MAP_008$70$925249$aORPH$bORPH$cKTS1_H$d2025-01-20$l0$oKTS1 H.11.map.008$p20143988p70$r2025-01-20 09:12:23$w2025-01-20$ySCO$zMadame Butterfly - Puccini, Giacomo
=952  \\$00$10$2ddc$3ORP-OI1F283$40$6KTS_1_000000000000000_H_11_MAP_008$70$925250$aORPH$bORPH$cKTS1_H$d2025-01-20$l0$oKTS1 H.11.map.008$p20143988p71$r2025-01-20 09:12:23$w2025-01-20$ySCO$zLes Armaillis - Doret, Gustave
=952  \\$00$10$2ddc$3ORP-OI1F284$40$6KTS_1_000000000000000_H_11_MAP_008$70$925251$aORPH$bORPH$cKTS1_H$d2025-01-20$l0$oKTS1 H.11.map.008$p20143988p72$r2025-01-20 09:12:23$w2025-01-20$ySCO$zNais Micoulin - Bruneau, Alfred
=952  \\$00$10$2ddc$3ORP-OI1F285$40$6KTS_1_000000000000000_H_11_MAP_008$70$925252$aORPH$bORPH$cKTS1_H$d2025-01-20$l0$oKTS1 H.11.map.008$p20143988p73$r2025-01-20 09:12:23$w2025-01-20$ySCO$zChanson du Tisserand - Tiersot, Julien
=952  \\$00$10$2ddc$3ORP-OI1F286$40$6KTS_1_000000000000000_H_11_MAP_008$70$925253$aORPH$bORPH$cKTS1_H$d2025-01-20$l0$oKTS1 H.11.map.008$p20143988p74$r2025-01-20 09:12:23$w2025-01-20$ySCO$zDans la Lande - Bourgault-Ducoudra, Louis-Albert
=952  \\$00$10$2ddc$3ORP-OI1F287$40$6KTS_1_000000000000000_H_11_MAP_008$70$925254$aORPH$bORPH$cKTS1_H$d2025-01-20$l0$oKTS1 H.11.map.008$p20143988p75$r2025-01-20 09:12:23$w2025-01-20$ySCO$zLes Loups qui trottent - d'Udine, Jean
=952  \\$00$10$2ddc$3ORP-OI1F288$40$6KTS_1_000000000000000_H_11_MAP_008$70$925255$aORPH$bORPH$cKTS1_H$d2025-01-20$l0$oKTS1 H.11.map.008$p20143988p76$r2025-01-20 09:12:23$w2025-01-20$ySCO$zCircé. Récit de Polites - Hillemacher, Paul Joseph  Guillaume
=952  \\$00$10$2ddc$3ORP-OI1F289$40$6KTS_1_000000000000000_H_11_MAP_008$70$925256$aORPH$bORPH$cKTS1_H$d2025-01-20$l0$oKTS1 H.11.map.008$p20143988p77$r2025-01-20 09:12:23$w2025-01-20$ySCO$zFortunio - Messager, André
=952  \\$00$10$2ddc$3ORP-OI1F290$40$6KTS_1_000000000000000_H_11_MAP_008$70$925257$aORPH$bORPH$cKTS1_H$d2025-01-20$l0$oKTS1 H.11.map.008$p20143988p78$r2025-01-20 09:12:23$w2025-01-20$ySCO$zDanse Noble - Paladilhe, Émile
=952  \\$00$10$2ddc$3ORP-OI1F291$40$6KTS_1_000000000000000_H_11_MAP_008$70$925258$aORPH$bORPH$cKTS1_H$d2025-01-20$l0$oKTS1 H.11.map.008$p20143988p79$r2025-01-20 09:12:23$w2025-01-20$ySCO$zImmortalité - Chaminade, Cécile
=952  \\$00$10$2ddc$3ORP-OI1F292$40$6KTS_1_000000000000000_H_11_MAP_008$70$925259$aORPH$bORPH$cKTS1_H$d2025-01-20$l0$oKTS1 H.11.map.008$p20143988p80$r2025-01-20 09:12:23$w2025-01-20$ySCO$zPavane mélancolique - Ganne, Louis
=952  \\$00$10$2ddc$3ORP-OI1F293$40$6KTS_1_000000000000000_H_11_MAP_008$70$925260$aORPH$bORPH$cKTS1_H$d2025-01-20$l0$oKTS1 H.11.map.008$p20143988p81$r2025-01-20 09:12:23$w2025-01-20$ySCO$zChanson de ma Mie - Messager, André
=952  \\$00$10$2ddc$3ORP-OI1F294$40$6KTS_1_000000000000000_H_11_MAP_008$70$925261$aORPH$bORPH$cKTS1_H$d2025-01-20$l0$oKTS1 H.11.map.008$p20143988p82$r2025-01-20 09:12:23$w2025-01-20$ySCO$zPrès du Berceau - Moszkowski, Moritz
=952  \\$00$10$2ddc$3ORP-OI1F295$40$6KTS_1_000000000000000_H_11_MAP_008$70$925262$aORPH$bORPH$cKTS1_H$d2025-01-20$l0$oKTS1 H.11.map.008$p20143988p83$r2025-01-20 09:12:23$w2025-01-20$ySCO$zLe Chemineau - Leroux, Xavier
=952  \\$00$10$2ddc$3ORP-OI1F296$40$6KTS_1_000000000000000_H_11_MAP_008$70$925263$aORPH$bORPH$cKTS1_H$d2025-01-20$l0$oKTS1 H.11.map.008$p20143988p84$r2025-01-20 09:12:23$w2025-01-20$ySCO$zMusette - Samazeuilh, Gustave
=952  \\$00$10$2ddc$3ORP-OI1F297$40$6KTS_1_000000000000000_H_11_MAP_008$70$925264$aORPH$bORPH$cKTS1_H$d2025-01-20$l0$oKTS1 H.11.map.008$p20143988p85$r2025-01-20 09:12:23$w2025-01-20$ySCO$zRamuntcho - Pierné, Gabriel
=952  \\$00$10$2ddc$3ORP-OI1F298$40$6KTS_1_000000000000000_H_11_MAP_008$70$925265$aORPH$bORPH$cKTS1_H$d2025-01-20$l0$oKTS1 H.11.map.008$p20143988p86$r2025-01-20 09:12:23$w2025-01-20$ySCO$zNamouna. Valse Lente - Lalo, Edouard
=952  \\$00$10$2ddc$3ORP-OI1F299$40$6KTS_1_000000000000000_H_11_MAP_008$70$925266$aORPH$bORPH$cKTS1_H$d2025-01-20$l0$oKTS1 H.11.map.008$p20143988p87$r2025-01-20 09:12:23$w2025-01-20$ySCO$zLa Habanera. Prélude du Deuxième Acte - Laparra, Raoul
=952  \\$00$10$2ddc$3ORP-OI1F300$40$6KTS_1_000000000000000_H_11_MAP_008$70$925267$aORPH$bORPH$cKTS1_H$d2025-01-20$l0$oKTS1 H.11.map.008$p20143988p88$r2025-01-20 09:12:23$w2025-01-20$ySCO$zSnegourotchka (Fleur de Neige). Troisième Chanson de Lel - Rimsky-Korsakov, Nikolai
=952  \\$00$10$2ddc$3ORP-OI1F301$40$6KTS_1_000000000000000_H_11_MAP_008$70$925268$aORPH$bORPH$cKTS1_H$d2025-01-20$l0$oKTS1 H.11.map.008$p20143988p89$r2025-01-20 09:12:23$w2025-01-20$ySCO$zBoris Godounow. Les Cloches de Moscou - Mussorgsky, Modest Petrovich
=952  \\$00$10$2ddc$3ORP-OI1F302$40$6KTS_1_000000000000000_H_11_MAP_008$70$925269$aORPH$bORPH$cKTS1_H$d2025-01-20$l0$oKTS1 H.11.map.008$p20143988p90$r2025-01-20 09:12:23$w2025-01-20$ySCO$zPavane des Fées - Messager, André
=952  \\$00$10$2ddc$3ORP-OI1F303$40$6KTS_1_000000000000000_H_11_MAP_008$70$925270$aORPH$bORPH$cKTS1_H$d2025-01-20$l0$oKTS1 H.11.map.008$p20143988p91$r2025-01-20 09:12:23$w2025-01-20$ySCO$zRondel Galant - Filipucci, Edmond
=952  \\$00$10$2ddc$3ORP-OI1F304$40$6KTS_1_000000000000000_H_11_MAP_008$70$925271$aORPH$bORPH$cKTS1_H$d2025-01-20$l0$oKTS1 H.11.map.008$p20143988p92$r2025-01-20 09:12:23$w2025-01-20$ySCO$zSanga. La Chanson du Grain - Lara, Isidore de
=999  \\$d22440

